3575 5625
681 552 903 624 ...565-

299 701 330 802 §.
358 698 488 771 XVIII.
523 700 567 770 Et
605 702 761 797 quoniam
790 701 863 774 Iieri
906 700 1079 799 aliquando
1124 720 1249 801 potest,
1293 720 1331 776 nt

244 798 341 896 quud
378 825 397 868 a
433 797 594 896 prefectis
629 797 751 869 Montis
791 800 950 893 exigitur,
986 803 1145 897 impensus
1174 818 1327 900 superet,

245 923 327 994 quae
360 920 423 994 pru
457 895 629 968 retinendo
659 895 940 994 custodiendoque
975 901 1113 994 pignore
1151 913 1228 970 sunt
1266 927 1330 972 ne·

246 997 417 1082 uersariae,
462 993 602 1083 idcirco,
639 1019 682 1066 ne
716 1021 781 1090 qua
819 1020 991 1066 usurarum
1024 996 1162 1091 suspieIo
1202 1000 1330 1070 exorie-

247 1109 330 1180 tur,
371 1107 458 1162 recte
491 1108 625 1162 cautum
659 1105 726 1180 est,
770 1107 810 1162 ut
846 1093 888 1162 ub
930 1095 989 1180 iis,
1034 1093 1153 1188 quibus
1198 1109 1330 1191 acceptu

248 1192 390 1285 pignore
433 1191 571 1286 pecunia
605 1187 769 1277 creditur,
803 1188 887 1258 nibil
914 1190 999 1284 exigi
1034 1192 1133 1286 possit
1163 1192 1224 1260 nisi
1257 1194 1331 1286 pri·

249 1311 347 1356 mum
387 1313 405 1355 u
450 1285 525 1356 sede
565 1285 748 1383 Apostolieu
791 1285 925 1356 facultas
961 1291 1137 1384 impetratu
1182 1291 1222 1358 sit
1258 1288 1328 1382 (1).

248 1380 429 1479 Multoque
477 1385 586 1454 minus
633 1387 702 1454 sine
745 1382 940 1480 Apostolicoe
987 1384 1069 1458 sedis
1118 1387 1209 1455 venie
1258 1382 1332 1479 plus

252 1483 339 1574 exigi
383 1495 511 1576 potest,
558 1506 657 1576 quum
705 1495 801 1552 antee
847 1498 1079 1569 consueverat,
1132 1505 1333 1578 quamquem

253 1575 498 1648 dissolvendum
525 1581 567 1648 sit
592 1602 636 1650 ses
661 1577 827 1669 alienum,
855 1578 945 1674 quud
975 1579 1070 1650 Mons
1096 1581 1223 1674 pietatis
1249 1603 1333 1650 eon·

255 1674 387 1746 trahere
410 1675 544 1764 debuit,
569 1691 607 1746 ut
632 1675 831 1773 pauperibus
851 1675 1039 1748 subveniret
1068 1676 1135 1770 (ἢ).

300 1822 341 1902 (t)
362 1824 469 1884 Confer
492 1823 607 1884 decreta
631 1843 720 1886 sucre
745 1825 985 1906 congregationis
1010 1825 1124 1886 concilii
1147 1821 1198 1886 tit.
1224 1826 1262 1886 rt
1282 1823 1335 1886 de-

258 1912 365 1965 cretur.
381 1923 453 1986 pap.
471 1907 532 1965 186
547 1913 576 1966 et
590 1908 662 1966 tut.

301 1985 343 2066 (t)
364 1987 439 2048 Vide
454 1983 627 2048 thesaurum
642 1983 731 2048 ναοὶ.
747 1984 864 2048 martiii
874 1994 944 2048 tum.
961 1990 973 2048 I
989 2006 1063 2070 paq.
1079 1991 1132 2050 18.

310 2125 340 2226 3.
372 2125 465 2199 ΧΙΧ.
498 2128 585 2200 Sunt
607 2132 707 2200 etiam
738 2155 907 2200 usurarum
937 2145 1083 2228 expertes
1114 2155 1245 2220 census,
1272 2155 1337 2296 per

261 2247 343 2336 quus
374 2228 494 2297 emitur
521 2230 577 2326 jus
614 2227 817 2324 percipiendi
852 2227 977 2300 fruetus
1021 2254 1059 2300 ex
1095 2245 1184 2300 certo
1210 2228 1270 2300 Iun
1295 2253 1333 2316 ο,

261 2348 318 2417 qur
351 2348 481 2418 semper
517 2351 603 2396 nexu
630 2325 801 2396 devinctus
838 2339 907 2414 est,
942 2342 980 2398 ut
1019 2325 1162 2398 creditor
1193 2328 1228 2396 in
1261 2341 1335 2396 tuto

261 2423 315 2490 sit.
345 2419 422 2490 Nun
454 2423 543 2493 enim
577 2447 617 2494 eo
648 2438 817 2494 uuntreetu
855 2425 943 2494 venit
979 2439 1124 2520 quaestus
1161 2449 1200 2494 ex
1233 2447 1339 2518 pecu·

261 2520 336 2606 nia,
373 2516 430 2587 sed
467 2519 620 2590 domiuus
665 2524 712 2592 rei
750 2520 913 2615 frugiierae
955 2521 1066 2592 rendit
1099 2523 1155 2617 jus
1188 2517 1340 2616 cupiendi

263 2631 368 2686 certos
402 2640 441 2684 ex
473 2644 510 2687 ea
535 2617 678 2707 fruetus3
714 2618 802 2714 qnod
835 2635 923 2689 reete
957 2635 1055 2716 utque
1092 2616 1207 2689 ordine
1246 2617 1337 2704 fieri,

264 2715 337 2807 quis
372 2714 571 2786 inficiabitur
607 2716 689 2814 (1)Ρ
725 2714 826 2786 Plura
855 2731 965 2786 nutem
1005 2731 1082 2786 sunt
1117 2713 1336 2802 observanda,

263 2828 303 2881 ut
335 2808 389 2881 hie
421 2828 606 2885 contractus
636 2813 741 2885 valeat
776 2830 811 2885 et
840 2811 948 2886 omnis
977 2811 1018 2883 ub
1055 2836 1094 2882 eo
1132 2836 1238 2881 usurae
1266 2834 1339 2880 sus·

263 2910 350 3003 picio
386 2927 603 2982 removeatur.
644 2912 816 3008 Praeeipue
850 2927 949 2999 sunt,
985 2926 1023 2979 ut
1054 2924 1201 2981 accurate
1233 2906 1342 3001 desig-

263 3022 363 3076 netur
390 3023 498 3078 eertus
521 3008 642 3079 fundus
674 3024 708 3080 et
734 3008 787 3079 hic
816 3007 950 3109 quidem
984 3004 1139 3100 frugifer,
1170 3006 1228 3100 qui
1259 3028 1340 3074 een-

265 3128 319 3174 sus
361 3104 555 3204 hypotheeae
593 3106 714 3195 subsit,
761 3122 860 3203 utque
903 3118 944 3176 nt
986 3128 1095 3177 eoram
1131 3100 1267 3172 testibus
1304 3124 1340 3169 ue

265 3206 393 3275 noterio
423 3228 531 3273 revera
559 3221 750 3276 numeretur
784 3204 942 3300 pecunie,
982 3226 1057 3299 quae
1086 3202 1243 3271 continno
1281 3196 1342 3269 de·

266 3297 365 3371 bituri
397 3300 554 3371 tradenda
581 3319 630 3372 est
651 3301 718 3401 (ἢ).

307 3470 351 3551 (I)
371 3472 408 3532 L.
430 3473 470 3533 65
485 3479 513 3533 et
529 3473 564 3532 t.
586 3474 626 3534 72
648 3470 683 3555 ff.
703 3471 741 3534 de
761 3470 930 3555 mussitate
944 3472 970 3553 S.
996 3474 1008 3533 1
1035 3472 1113 3533 Iutt.
1134 3467 1171 3531 rie
1190 3465 1340 3551 usufruet.

267 3552 374 3612 Errant
398 3562 497 3614 nutem
517 3554 708 3615 vehementer
731 3554 871 3615 SuIieetus
894 3556 928 3615 iu
951 3549 1036 3615 auth.
1059 3554 1108 3613 Ea
1132 3548 1194 3633 lepe
1220 3548 1284 3611 cod.
1305 3546 1341 3609 de

267 3651 370 3710 resur„
400 3641 430 3693 et
458 3638 651 3697 Hottomnnus
682 3632 795 3715 observ.
823 3633 874 3698 tit.
898 3638 917 3696 2
945 3654 1011 3717 cup.
1042 3636 1096 3710 tt,
1136 3632 1187 3711 qui
1223 3647 1342 3723 censum

268 3716 431 3793 quemlibet
454 3714 606 3778 Iuruutam
637 3736 766 3779 usuram
788 3718 946 3797 appellunt.
972 3718 1046 3779 Num
1071 3732 1268 3794 percensum
1293 3728 1342 3789 Jus

269 3798 410 3858 venditur
426 3800 607 3878 perstiendi
624 3799 743 3859 fruetus
754 3817 791 3859 ex
809 3799 904 3860 fundu
922 3797 1079 3880 Irugiiem3
1100 3797 1131 3855 iu
1152 3813 1209 3873 qus
1222 3790 1343 3870 quidem

268 3878 440 3941 venditione
457 3881 533 3942 nihil
546 3881 622 3941 inest
635 3880 771 3957 iteneris,
787 3889 818 3941 et
835 3880 929 3953 nihii,
945 3879 1024 3959 quud
1038 3897 1052 3938 ιι
1067 3875 1182 3956 iegibus
1199 3870 1345 3968 improbe-

268 3968 330 4021 tur.
351 3963 496 4023 Praeterm
515 3962 644 4023 ereditur
660 3960 699 4023 uh
719 3980 751 4022 se
771 3962 895 4023 sulutem
909 3961 1063 4039 pecuniam
1084 3974 1136 4017 suu
1149 3954 1246 4014 lubitu
1260 3969 1342 4031 repe·

269 4049 332 4103 tere
356 4060 417 4103 nun
431 4052 542 4124 potest,
556 4062 664 4122 exque
678 4043 870 4124 Intelligitur‚
885 4049 1029 4120 quantum
1043 4039 1119 4099 absit
1142 4036 1179 4097 nb
1191 4033 1248 4094 hoc
1269 4050 1342 4094 uun·

269 4132 366 4187 truetu
375 4142 463 4188 umus
475 4133 593 4205 piretum
608 4126 703 4187 mutui
717 4132 780 4187 tum
792 4124 938 4205 expressi,
951 4131 1014 4187 tum
1030 4119 1121 4181 inuiti.
