3575 5625
682 687 878 758 ...69-

237 833 429 930 pragmatici
460 830 647 930 appellant,
679 837 836 931 quoniam
883 839 987 908 sanari
1024 862 1092 910 nou
1134 855 1241 937 potest
1260 842 1316 936 ju-

239 931 387 1021 dicium,
420 930 512 1030 quud
535 933 605 1002 sine
632 933 787 1004 citatione
819 949 947 1032 gestum
980 951 1028 1006 est
1048 937 1115 1033 (2).

280 1103 323 1182 (Ι)
346 1106 459 1166 Com
481 1105 540 1164 etl
562 1122 589 1165 c.
607 1105 625 1166 5
643 1123 696 1188 qu.
724 1105 760 1181 9,·
780 1103 870 1166 Clam
888 1107 909 1168 2
929 1104 966 1168 de
984 1107 1102 1168 Sontes.
1118 1115 1147 1167 et
1167 1127 1198 1169 re
1229 1106 1313 1171 ‘eadm

281 1183 323 1266 (Ξ)
344 1185 453 1248 Confer
477 1186 651 1266 Hilligerum
676 1184 717 1248 od
744 1184 906 1248 Douellum
931 1186 969 1249 de
992 1189 1064 1250 Jur.
1090 1186 1170 1250 civil.
1197 1129 1249 1253 ld.
1276 1193 1315 1254 25

240 1285 308 1348 cup.
324 1267 344 1328 2
358 1265 387 1348 §.
403 1269 496 1330 2uot.
512 1269 532 1328 2
546 1277 619 1329 tom.
635 1270 654 1330 6
669 1287 742 1352 pop.
757 1271 792 1330 ll
809 1267 882 1332 edit.
895 1269 946 1332 cit.

289 1432 320 1535 ς.
349 1435 410 1506 Xl.
439 1436 497 1506 Est
524 1452 635 1508 autem
664 1439 773 1510 citatio
800 1437 850 1510 vel
883 1436 995 1528 realis,
1023 1463 1099 1536 quse
1123 1437 1164 1510 lit
1190 1441 1316 1539 injectis

240 1535 276 1604 in
315 1559 410 1605 reum
444 1532 574 1630 publicu
619 1537 809 1608 auctoritate
851 1536 1024 1627 manibus,
1063 1536 1117 1608 vel
1153 1538 1315 1630 verbulis,

241 1654 317 1728 quae
346 1631 496 1728 procedit
518 1631 560 1702 ab
589 1633 727 1730 imperio
755 1633 898 1732 judicis,
923 1636 1016 1732 cujus
1036 1635 1153 1732 jussu,
1188 1636 1314 1727 verbis,

240 1728 294 1799 vel
316 1727 431 1800 litteris
480 1733 528 1800 uis
559 1732 595 1800 iu
628 1730 791 1829 judicium
834 1745 980 1803 vocatur.
1013 1732 1057 1803 In
1089 1731 1236 1806 civilibus
1256 1736 1318 1832 ju-

242 1824 335 1898 diciis
361 1755 483 1898 verbal
516 1831 668 1901 citatione
700 1828 900 1927 plerumque
929 1830 1073 1916 utimur;
1112 1855 1188 1901 nam
1217 1833 1318 1904 iniis

241 1925 352 1996 citatio
374 1924 467 1996 realis
500 1943 577 1998 ante
607 1929 803 1998 sententiam
829 1949 899 1998 non
929 1928 1113 2017 emittitur,
1156 1931 1218 2000 nisi
1243 1955 1317 2002 reus

242 2025 285 2091 sit
311 2019 465 2118 fugitivus
505 2042 562 2095 aut
600 2024 643 2096 de
679 2025 754 2120 fuga
785 2041 972 2124 suspectus,
1005 2041 1039 2097 et
1076 2026 1137 2097 nisi
1170 2028 1316 2126 primum

242 2145 294 2191 res
312 2124 444 2218 cognita
474 2139 508 2194 et
536 2122 701 2220 exploratu
723 2126 777 2195 sit.

290 2291 321 2392 §.
350 2293 428 2366 Xll.
458 2294 605 2367 Verbalis
632 2297 741 2368 citatio
776 2294 837 2367 alia
871 2295 1028 2394 simplex,
1067 2295 1128 2368 elia
1165 2322 1316 2394 peremp

242 2395 326 2462 toria
369 2409 429 2464 est.
481 2392 626 2491 Simplex
666 2395 814 2466 continet
848 2420 977 2466 merum
1016 2410 1241 2492 preceptum,
1278 2413 1316 2467 ut

239 2513 317 2560 reus
356 2491 392 2560 in
418 2489 583 2588 judicium
615 2493 741 2578 veniat,
769 2491 824 2562 sed
852 2496 921 2588 ipse
949 2508 1124 2563 contumax
1158 2517 1226 2563 non
1259 2493 1314 2564 el·

239 2581 373 2678 ficitur,
407 2591 469 2659 nisi
503 2588 617 2660 eadem
653 2591 763 2660 citatio
800 2605 875 2688 post
919 2605 983 2661 tres
1020 2592 1176 2662 terminos
1221 2593 1316 2662 certis

239 2682 371 2756 dierum
399 2686 575 2758 intervallis
600 2688 782 2784 praefinitos
816 2688 913 2764 tertio
941 2702 1108 2784 repetatur
1136 2688 1203 2785 (l).
1231 2685 1316 2770 Quae

236 2781 412 2855 intervalla
447 2786 526 2883 jure
572 2787 673 2857 veteri
721 2783 834 2857 decent
877 2783 947 2855 dies
999 2784 1126 2881 singula
1171 2787 1317 2858 contine·

237 2880 322 2952 bant
350 2880 426 2977 (ἃ),
453 2885 531 2980 jure
557 2880 783 2983 llovcllarum⁸
797 2881 948 2980 ampliata
983 2900 1060 2953 sunt
1092 2882 1134 2953 ad
1167 2882 1235 2954 dies
1261 2887 1317 2953 tri·

238 2982 332 3072 ginta
363 2980 439 3076 (5);
479 2978 536 3051 sed
568 2982 646 3078 jure
682 2978 892 3051 decretalium
927 2980 1060 3051 arbitrio
1083 2980 1223 3079 judicis,
1254 3006 1315 3147 pro

240 3093 432 3175 temporum
474 3104 511 3149 ac
557 3076 704 3149 locorum
746 3079 887 3150 ratione.
914 3092 1103 3148 statuuntur
1138 3078 1208 3171 (d).
1285 3104 1317 3149 e·

238 3178 420 3272 temptoria
449 3178 561 3247 citatio
587 3179 689 3247 instar
713 3191 763 3247 cst
787 3178 937 3248 omnium
967 3174 1064 3244 simul
1096 3172 1314 3271 simplicium,

239 3287 342 3369 utque
378 3276 422 3342 itu
459 3299 529 3345 rem
556 3276 708 3370 perimit,
738 3289 776 3344 ut
806 3275 833 3343 si
863 3297 938 3343 reus
974 3273 1159 3369 praestituta
1195 3270 1248 3343 die
1281 3274 1316 3343 in

234 3370 402 3466 judicium
434 3395 502 3443 non
535 3374 679 3463 venerit,
715 3385 890 3443 contumax
929 3368 1097 3439 habentur.
1136 3367 1220 3439 Narn
1260 3395 1316 3465 pe·

239 3469 462 3565 nemptonum
514 3468 665 3565 precidit
714 3482 748 3539 et
786 3466 946 3538 abscindit
984 3492 1097 3539 omncs
1142 3466 1316 3539 adversarii

239 3568 540 3661 tergiversationes,
580 3591 686 3663 eoque
727 3566 946 3638 comminatur
979 3564 1104 3665 judex,
1134 3590 1204 3637 sese
1242 3592 1316 3637 ceu·

239 3688 310 3734 sem
340 3668 571 3759 cogniturum,
598 3667 697 3735 etiam
734 3662 867 3735 absente
898 3662 973 3753 illo,
1014 3665 1072 3761 qui
1099 3664 1216 3734 citatus
1249 3688 1317 3735 sese

234 3760 343 3859 judici
375 3766 487 3834 sistere
517 3775 643 3833 recusat
666 3761 735 3858 (5).
763 3759 918 3834 Edictum
950 3762 1207 3857 peremptorium
1216 3762 1316 3927 Np'ure

238 3859 327 3930 civili
348 3862 511 3931 emittitur
540 3874 616 3955 post
650 3874 716 3929 tres
739 3856 903 3954 simplices
928 3860 1116 3947 citationes,
1146 3862 1215 3928 inte
1259 3882 1314 3929 um

238 3975 317 4056 post
360 3958 462 4048 duos,
508 3955 678 4027 interdum
726 3958 824 4029 etiam
868 3958 1005 4047 statim,
1047 3954 1136 4052 quod
1183 3969 1317 4026 vocatur

238 4082 361 4128 renum
390 4080 460 4153 pro
491 4055 677 4144 omnibu&
740 4053 906 4151 eudetque
950 4052 993 4124 ab
1029 4052 1163 4123 arbitrio
1197 4052 1318 4149 judicis

238 4178 302 4250 pro
331 4152 519 4226 conditione
546 4176 652 4223 censae
685 4080 739 4223 vel
768 4175 941 4249 personae,
971 4149 1022 4223 vel
1048 4150 1224 4246 temporis,
1257 4171 1316 4219 or·

235 4252 354 4323 dinem
383 4250 563 4325 edictorum
592 4250 646 4347 (6)
663 4265 697 4323 et
709 4247 940 4348 compendium
954 4247 1116 4321 moderari
1143 4245 1213 4341 (7).
