3575 5625
699 632 920 705 -275-

266 788 357 858 esois
390 809 466 872 suu,
498 804 574 881 quae
603 796 808 878 potestesse
848 796 936 853 reete
971 782 1184 855 sentientibus
1216 806 1349 856 oonsue·

266 883 374 973 tudo,
401 884 554 971 societas,
590 878 771 950 similitudo
807 878 993 973 religionis,
1025 903 1180 971 morum,
1212 897 1348 955 senteu-

266 984 407 1067 tinrum‚
438 1004 477 1051 ex
508 1004 573 1075 qus
596 978 784 1074 conjunctio
807 978 966 1048 societatis
986 975 1118 1047 existit?

318 1076 350 1177 §.
378 1076 452 1147 Vll.
492 1074 594 1163 Quod
634 1078 662 1144 si
695 1073 863 1146 interdum
902 1072 979 1145 muli
1024 1076 1178 1169 gravioris
1220 1092 1345 1166 metus,

265 1190 373 1271 utque
413 1171 595 1269 perieulum
642 1170 761 1269 expelli
800 1196 869 1245 nou
903 1172 982 1241 sinit
1012 1196 1032 1241 e
1069 1173 1198 1244 eiritute
1221 1171 1351 1247 haereti·
1390 1211 1395 1219 ·

265 1297 327 1345 cos
362 1287 552 1369 ueteresque
587 1270 724 1359 similos,
758 1268 833 1340 lieet
868 1268 973 1365 exlegi
1011 1272 1192 1341 necessitati
1225 1294 1352 1342 morem

267 1395 388 1465 gerere
425 1362 459 1439 et
497 1368 735 1465 obtemperare.
775 1366 872 1437 Tune
913 1383 1022 1437 autem
1058 1366 1093 1436 hi
1128 1366 1277 1439 homines
1317 1371 1352 1439 in

269 1470 406 1539 civitate
433 1468 637 1552 retinentur3
668 1464 724 1535 sed
757 1465 801 1535 itu
830 1479 943 1535 tomen
977 1462 1143 1535 retinendi
1172 1480 1272 1557 suut,
1314 1480 1354 1535 ut

269 1588 389 1637 eorum
423 1588 514 1636 error
540 1563 636 1633 latius
675 1586 808 1633 menore
848 1586 918 1633 non
950 1562 1070 1659 possit,
1109 1588 1219 1660 neque
1253 1564 1353 1637 ueteri

269 1688 314 1733 ex
340 1686 454 1735 eorum
480 1663 631 1733 societate
656 1658 846 1731 detrimenti
872 1658 996 1756 aliquid
1019 1662 1190 1758 accipient.
1258 1660 1264 1669 ’

565 2268 884 2361 mmm
920 2269 1068 2361 WB·

599 2480 635 2545 lte
648 2480 729 2545 lilris
743 2482 884 2565 inpulsus
895 2482 1026 2546 luderis.

268 2788 291 2838 1.
308 2784 390 2848 Quum
456 2796 485 2834 re
504 2776 680 2852 expressorum
703 2782 777 2838 libro
855 2782 885 2836 V.
907 2783 947 2836 ub
973 2783 1075 2837 molesia
1098 2785 1224 2862 spsuiutim
1253 2788 1355 2841 notandi

343 2865 400 2900 rum
421 2849 628 2902 eetionemslurn.
922 2850 1113 2919 suntlibn',qur
1127 2852 1203 2920 legin
1252 2864 1320 2904 eunt.

268 2918 305 2972 ΙΙ.
321 2915 415 2966 llorurn
432 2913 552 2966 librorum
567 2915 639 2970 leutio
649 2914 778 2967 meritosb
856 2916 897 2968 vt.
922 2915 1037 2966 Doctrina
1065 2916 1091 2966 in
1119 2869 1293 2983 auqu0⁶lloro
1322 2918 1355 2968 ab

343 2979 539 3032 ecclesiarstita.
921 2981 1023 3031 soetesu
1044 2981 1160 3032 damnata
1181 2981 1214 3032 ab
1241 2981 1356 3032 omnibus

270 3046 321 3100 ΙΙΙ.
348 3045 435 3098 Csutio
456 3045 483 3094 in
504 3060 533 3096 es
554 3062 581 3098 re
609 3045 778 3110 hebrum-mu,
923 3044 1065 3096 &munds
1079 3054 1124 3096 est.

343 3111 776 3173 ethnicorumssetaruuromnium.
856 3110 910 3162 vll.
945 3109 1074 3171 Quomodo
1101 3125 1210 3161 summus
1243 3109 1356 3169 Pontifex

269 3177 319 3228 tv.
333 3175 466 3228 Prnrorurn
483 3176 778 3230 loeuolibrorurnabeo
921 3175 1269 3245 praroslibrosoondsmnett

343 3242 418 3294 elusio
427 3243 532 3295 retanda
543 3253 589 3296 ost.

329 3499 403 3573 Non
443 3504 574 3573 societas
619 3519 746 3574 tuntum
793 3516 827 3573 et
856 3501 1060 3574 consuetodo
1094 3503 1350 3593 haeretieorum,

269 3623 461 3694 eorumque
500 3601 667 3688 omnium,
711 3601 768 3696 qui
809 3597 894 3671 mule
940 3598 983 3670 de
1012 3599 1170 3696 religione
1208 3603 1355 3674 sentiunt

270 3712 380 3791 utque
409 3721 427 3764 a
464 3699 598 3768 veritate
629 3696 836 3793 discrepent,
872 3695 929 3768 sed
960 3699 1058 3767 etium
1082 3723 1259 3795 pravorum
1285 3696 1355 3770 lee-

268 3797 326 3866 tio
352 3792 511 3864 librorum
536 3795 631 3865 nobis
661 3793 872 3866 vehementer
906 3793 1018 3884 obest,
1052 3821 1224 3892 moresque
1262 3798 1354 3866 vitiet

270 3905 311 3962 et
355 3915 373 3959 u
408 3891 504 3961 rectis
538 3888 666 3961 vivendi
708 3906 807 3990 utque
848 3889 1005 3965 credendi
1047 3893 1166 3987 regulis
1205 3891 1349 3961 abducit.

270 3988 395 4082 ltaque
430 4002 468 4058 ut
500 3989 721 4083 aperniciosa
760 3987 939 4083 refugimus
968 3991 1139 4077 societate,
1174 3991 1219 4058 ita
1259 3985 1354 4082 nobis

269 4084 511 4199 obstinendum
551 4099 600 4156 est
642 4112 660 4156 a
700 4088 807 4182 proris
845 4085 959 4175 libris,
1000 4110 1142 4252 gluorum
1184 4086 1354 4182 praeoeptis

269 4179 385 4254 umbus
425 4181 564 4277 legendo
609 4207 801 4279 possumus,
849 4198 949 4282 utque
991 4208 1009 4254 s
1077 4205 1192 4254 eorum
1247 4205 1355 4254 mores
1421 4283 1428 4292 q
