3575 5625
664 616 812 688 -209
840 660 888 675 -

240 770 383 864 initaque
412 765 497 837 bona
527 764 615 853 fide,
651 780 751 932 atpue
788 792 827 837 ex
854 792 922 838 non
956 766 1039 838 salsis
1068 769 1318 860 instrumentis,

241 892 280 935 ne
317 868 343 935 si
387 889 471 935 nova
508 860 643 959 quidem
708 866 837 960 einceps
876 863 1037 960 prodeant
1080 884 1319 958 monumenta,

240 962 390 1034 emedio
421 960 566 1031 tollenda
595 963 658 1051 sit,
687 964 747 1031 nisi
779 963 925 1057 primum
956 964 992 1031 in
1025 964 1191 1059 integrum
1220 968 1320 1035 resti-

241 1064 321 1132 tutio
370 1062 542 1156 impetrata
597 1058 696 1129 fuerit
740 1058 808 1154 (ὅ).
848 1058 928 1129 lure
971 1059 1056 1130 civili
1100 1077 1173 1131 tum
1220 1067 1318 1137 nudo

234 1170 337 1255 poeto
367 1172 438 1228 tum
474 1156 619 1253 subjecta
649 1172 745 1252 pacto
780 1171 963 1245 convento,
1005 1157 1206 1253 Aquiliana
1251 1168 1319 1233 sti-

235 1256 419 1350 prelatione
457 1253 631 1325 transactio
667 1251 836 1349 perficitur
870 1253 939 1349 (4).
981 1254 1066 1326 Cum
1102 1272 1199 1352 pacto
1237 1256 1320 1330 sacta

241 1368 309 1441 est,
344 1355 428 1423 actio
459 1354 651 1448 exceptione
685 1351 900 1423 submovetur
925 1351 1001 1447 (b),
1035 1379 1110 1424 cnm
1146 1354 1319 1450 Aquiliana

241 1448 405 1545 stipulatio
445 1465 495 1519 est
531 1448 696 1537 adbibita,
730 1452 814 1519 actio
851 1450 922 1544 ipso
951 1452 1052 1547 jure·
1070 1449 1198 1523 tollitur
1246 1453 1315 1548 (6).

242 1545 304 1617 set
347 1572 487 1619 canones
530 1570 600 1618 non
642 1544 791 1617 laborant
840 1546 881 1617 de
920 1548 979 1620 ista
1015 1550 1112 1619 nimis
1153 1564 1319 1622 attenuata

244 1642 409 1739 diligentia
443 1646 526 1743 juris
561 1643 661 1715 civilis
693 1659 727 1715 et
768 1644 941 1740 Aquiliana
975 1648 1073 1717 etiam
1109 1647 1319 1742 stipulatione

242 1742 403 1837 neglecta,
440 1741 653 1838 obligationes
687 1765 822 1838 quoquo
859 1740 960 1817 modo
997 1758 1178 1816 contractas
1219 1762 1321 1817 trans-

244 1842 367 1912 actione
399 1842 535 1913 omnino
562 1840 680 1937 perimi
710 1839 827 1911 volunt
855 1838 923 1936 (7).

281 2062 322 2143 (l)
345 2066 421 2145 Cap.
444 2060 512 2125 tale
526 2070 674 2125 transeat.

282 2146 322 2225 (2)
347 2146 420 2225 Gap.
439 2147 452 2206 t
471 2143 507 2206 de
522 2143 584 2208 litis
598 2153 720 2207 contest.
737 2146 769 2206 in
787 2148 818 2207 5.

202 2270 205 2283 .
281 2228 322 2307 (t)
344 2229 379 2288 L.
394 2229 443 2304 tu,
461 2229 511 2304 19,
527 2230 567 2289 45
580 2224 643 2289 cod.
658 2225 694 2288 da
709 2234 853 2290 transort.

283 2308 322 2385 [ll
345 2312 378 2370 L.
394 2310 413 2368 2
428 2317 456 2370 ct
467 2312 505 2370 15
517 2306 552 2391 ff.
568 2308 604 2370 de
619 2316 766 2371 trcnscct.

282 2388 323 2466 (5)
345 2393 378 2452 L.
397 2391 435 2452 tt
450 2388 513 2451 cod.
529 2388 593 2455 eod.
609 2390 651 2471 (6)
666 2394 698 2452 Ι..
716 2392 734 2451 5
750 2399 779 2453 et
792 2393 811 2452 l
825 2387 890 2451 cccl.
907 2389 975 2451 eod.

282 2472 324 2551 (7)
348 2474 421 2553 Cap.
439 2475 452 2533 t
468 2469 506 2533 cle
518 2480 679 2551 transcat,
695 2472 795 2552 ibique
809 2473 952 2536 Gonzalez
965 2492 1050 2535 cum.
1067 2476 1118 2535 lb.

289 2646 319 2747 ς.
348 2648 435 2721 vltl.
471 2650 664 2746 Transigere
699 2675 812 2723 omnes
855 2670 1012 2747 possunt,
1059 2654 1116 2747 qni
1142 2656 1258 2748 pacisci
1286 2672 1319 2727 et

243 2745 404 2835 alienare3
442 2775 518 2820 nam
551 2751 724 2820 transactio
757 2748 908 2820 alienatio
946 2766 1006 2820 est.
1042 2748 1126 2821 Hinc
1159 2755 1316 2843 minores,

242 2844 379 2942 pupilli,
413 2863 577 2938 amentes,
611 2849 710 2918 ceteri
734 2846 876 2938 similes,
906 2849 965 2943 qui
995 2873 1046 2918 res
1060 2867 1064 2874 '
1078 2873 1149 2918 suas
1179 2849 1319 2921 alienare

242 2959 434 3038 nequeunt,
476 2947 573 3016 etiam
607 2947 784 3039 transigere
818 2943 1058 3041 probibentur3
1098 2962 1131 3016 et
1165 2946 1319 3034 Praelati,

242 3043 295 3135 qui
335 3043 408 3112 sine
450 3045 546 3112 certis
591 3039 849 3113 solemnitatibus
896 3067 947 3111 res
996 3042 1136 3112 ecclesie
1180 3040 1320 3114 alienare

241 3161 305 3207 non
345 3155 502 3234 possunt,
539 3137 668 3210 easdem
711 3163 844 3235 quoque
878 3138 1099 3209 solemnitates
1133 3141 1168 3208 in
1209 3156 1319 3209 trans-

243 3237 369 3306 actione
404 3263 530 3308 serrare
566 3235 689 3308 debent
723 3235 793 3333 (1).
834 3233 933 3318 Quod
970 3234 1146 3306 dicendum
1187 3261 1320 3330 genera·

243 3335 298 3401 tim
328 3348 380 3404 est
409 3335 451 3406 de
490 3334 661 3424 omnibus,
699 3335 756 3430 qui
785 3357 835 3404 res
867 3332 991 3404 babent
1022 3333 1064 3401 ad
1091 3331 1233 3404 ecclesiae
1263 3362 1319 3432 pa·

243 3432 433 3502 trimoniunr
475 3432 697 3527 pertinentes,
739 3432 788 3502 uti
828 3446 906 3502 sunt
950 3429 1109 3502 beneficia
1149 3430 1223 3529 (ᾖ),
1265 3433 1322 3504 de-

242 3529 332 3599 cimae
362 3529 442 3625 (5),
480 3546 586 3602 cetera
618 3529 752 3618 similia,
783 3526 969 3625 dequibus
1001 3531 1027 3599 si
1055 3531 1114 3600 liat
1146 3534 1319 3603 transactio

241 3628 308 3694 sine
334 3625 454 3697 debitis
490 3625 769 3716 solemnitatibus,
813 3625 956 3721 obligare
993 3627 1128 3723 quidem
1175 3632 1318 3725 poterit,

243 3727 297 3818 qui
335 3749 409 3795 eam
455 3723 591 3795 absolvit
626 3725 701 3821 (4),
735 3748 931 3796 successores
964 3749 1041 3796 reru
1076 3749 1145 3796 non
1177 3726 1319 3822 obligat,

248 3846 357 3918 neque
382 3821 505 3919 aliquid
529 3822 670 3894 ecclesiae
695 3819 792 3893 rebus
820 3821 919 3894 inlert
944 3821 1132 3894 detrimenti
1162 3823 1228 3921 (5).

281 4019 306 4098 [l
350 4021 423 4100 Gap.
438 4021 456 4078 2
471 4019 736 4082 ctbdetrnnsoct.

280 4019 324 4180 (Ξ)
349 4103 422 4182 Gap.
440 4103 457 4161 7
473 4099 536 4162 eod.
553 4100 595 4182 (5)
611 4105 683 4183 Cup.
701 4099 795 4164 leod.

279 4183 322 4263 (4)
348 4184 423 4262 Gap.
440 4185 458 4243 5
473 4181 536 4244 eorl.
551 4183 593 4263 (5)
609 4186 680 4266 Cap.
698 4185 717 4242 8
732 4181 796 4245 eod.

341 4287 418 4334 ruta.
449 4288 484 4334 tt.
