3575 5625
893 665 1041 736 -540
1070 707 1115 722 -

502 813 543 895 (2)
566 814 689 890 Deliis,
713 815 877 892 ceterisque
902 815 1092 889 criminibus,
1116 834 1243 894 quorum
1266 814 1410 879 hocloco
1430 820 1547 882 mentio

461 902 521 972 cst,
536 897 650 974 copiose
664 897 724 977 agit
736 897 895 958 Renazeius
909 896 1004 960 tusto.
1021 894 1272 959 criminamini
1283 917 1340 980 pec
1351 907 1404 960 tot.

509 1047 540 1149 δ.
571 1047 616 1120 11.
658 1048 805 1146 Simplex
849 1047 1036 1139 fornicatio,
1087 1055 1268 1148 presertim
1322 1052 1546 1145 clericorum,

461 1149 602 1244 antiquis
632 1147 809 1219 canonibus
841 1151 937 1219 variis
968 1149 1168 1244 puniebatur
1198 1153 1303 1246 poenis
1336 1150 1411 1247 (1);Ι
1449 1178 1549 1224 nnnc

460 1245 529 1316 lere
560 1269 673 1316 omnes
693 1245 814 1344 judicis
831 1245 965 1317 arbitrio
988 1243 1111 1320 relictae
1130 1262 1220 1318 suut.
1243 1247 1294 1319 De
1319 1249 1550 1321 concubinatu

461 1341 564 1412 multa
583 1343 661 1440 jure
690 1367 773 1414 noro
806 1342 936 1414 concilii
963 1341 1152 1415 Tridentini
1175 1343 1229 1441 (2)
1261 1349 1424 1441 sapienter
1460 1363 1546 1418 sunt

461 1441 647 1510 constituto.
680 1439 843 1512 Nimirum
863 1444 922 1538 qui
941 1443 977 1511 in
994 1442 1064 1540 ejus
1084 1442 1211 1512 sceleris
1242 1445 1435 1539 contagione
1461 1468 1544 1516 rer-

460 1552 597 1627 santur‚
638 1551 686 1608 ter
717 1538 758 1607 ab
792 1539 943 1634 episcopo
984 1538 1141 1609 monendi
1180 1555 1214 1609 ct
1251 1541 1276 1610 si
1304 1544 1438 1611 monitis
1469 1566 1547 1612 non
1659 1564 1661 1623 ;

461 1632 629 1723 obediant,
663 1634 966 1707 excommunicandi
995 1635 1130 1733 aliisque
1152 1638 1251 1707 ctiam
1274 1637 1439 1734 plectendi
1460 1655 1545 1708 sunt

461 1733 584 1825 poenis,
612 1757 687 1803 cum
714 1759 772 1828 per
803 1758 928 1803 annum
959 1757 1110 1805 censuras
1139 1733 1365 1829 neglexerunt.
1401 1733 1544 1808 Concu-
1659 1748 1661 1761 '

462 1827 548 1900 binae
582 1854 656 1900 reru
691 1829 732 1899 ab
766 1833 923 1930 episcopis
950 1857 990 1902 ex
1030 1827 1140 1903 officio
1178 1835 1318 1926 graviter
1359 1831 1546 1928 puniendae

460 1943 538 2020 sunt
579 1941 678 2024 atque
713 1943 802 1998 extro
841 1927 1001 2026 oppidum
1041 1928 1092 2000 vel
1129 1927 1293 2001 dioecesim
1336 1929 1540 2028 releganda.

500 2095 542 2178 (l)
564 2099 663 2158 Canon
685 2099 858 2177 apostolicus
888 2101 927 2162 tn
944 2101 1024 2180 apud
1043 2101 1219 2164 cotelerium
1239 2098 1293 2163 tto.
1319 2104 1334 2164 1
1359 2121 1434 2184 pop.
1456 2104 1541 2178 180,

461 2185 491 2237 et
502 2178 657 2240 concilium
675 2182 915 2243 Neocmeareense
936 2200 1005 2244 coe.
1022 2183 1127 2244 com.
1146 2186 1159 2244 1
1185 2201 1265 2245 conc.
1289 2181 1345 2246 col.
1362 2186 1441 2246 tttt
1464 2182 1537 2246 coil.

461 2258 584 2334 labbei,
610 2259 698 2340 hujus
721 2262 853 2324 criminis
873 2281 941 2324 reos
958 2281 1113 2340 nunquam.
1134 2263 1215 2324 inter
1236 2264 1356 2325 clericos
1387 2268 1537 2344 cooptari,

460 2347 490 2398 et
504 2347 651 2416 cooptatos
664 2357 718 2420 per
731 2341 928 2419 ignorantiam
942 2341 1087 2402 offerendi
1102 2358 1226 2400 munere
1239 2346 1350 2418 privari
1363 2348 1538 2419 votuerunt.

460 2419 648 2499 Virginibus,
669 2437 736 2497 quae
754 2420 955 2500 virginitatem
976 2440 1060 2482 suam
1080 2439 1140 2482 non
1159 2419 1368 2495 custodierint,
1393 2419 1541 2500 preniten-

460 2500 531 2561 tism
549 2501 674 2580 imponit
691 2500 848 2562 concilium
869 2501 1084 2565 illiberitanum
1109 2521 1179 2564 can.
1203 2505 1242 2564 11
1259 2498 1313 2563 eol.
1336 2502 1397 2562 991
1415 2507 1487 2561 tom.
1519 2505 1537 2563 1

460 2579 566 2644 concii.
582 2579 693 2644 collect.
711 2581 831 2643 Labbci.

500 2661 543 2745 (1)
564 2663 673 2726 Coum.
690 2663 858 2725 Tridentin.
871 2682 944 2727 reta.
958 2667 998 2726 tt
1010 2685 1077 2748 cop.
1093 2664 1161 2727 tide
1177 2663 1299 2748 resona.
1317 2663 1448 2726 matrim.

459 2840 540 3013 nei·
566 2842 624 2915 lll.
659 2842 774 2916 Clerici
804 2845 1046 2935 concubinarii,
1074 2849 1100 2917 si
1138 2845 1267 2917 nullum
1303 2843 1444 2916 habeant
1473 2844 1540 2919 be-

527 2944 633 3034 cium,
671 2943 706 3013 in
745 2968 887 3015 carceres
921 2943 1165 3034 detruduntur,
1213 2940 1459 3040 suspenduntur
1495 2944 1541 3013 al)

459 3039 597 3130 ordine,
638 3039 679 3111 ab
716 3040 903 3113 obtinendis
944 3044 978 3111 in
1018 3058 1189 3138 posterum
1221 3038 1387 3112 beneficiis
1430 3040 1539 3137 repel-
1573 3096 1578 3102 .
1659 3120 1661 3135 ¹

459 3136 594 3229 lentur,
632 3137 766 3234 aliisque
798 3140 917 3227 etiam,
960 3163 1019 3235 pro
1053 3141 1196 3236 episcopi
1233 3138 1367 3209 arbitrio
1396 3154 1538 3305 etssprn·
1659 3140 1661 3151 '

460 3234 594 3327 dentis,
621 3239 830 3333 criminisque
866 3252 1001 3325 nature,
1032 3240 1136 3333 prunis
1169 3236 1398 3334 subjiciuntur.
1473 3238 1539 3306 cri·

460 3357 516 3401 cus
557 3349 667 3404 autem
705 3332 930 3405 beneficiarius
970 3332 1070 3404 semel
1099 3336 1245 3405 monitus
1275 3348 1310 3404 ct
1346 3335 1380 3402 in
1414 3330 1539 3403 scelere
1659 3413 1661 3432 Ι

457 3452 686 3524 perseverans,
715 3432 862 3526 privatur
899 3432 994 3501 tertia
1026 3447 1119 3528 parte
1155 3430 1321 3502 fructuum
1353 3428 1538 3503 beneficio-
1659 3491 1661 3504 .

459 3550 552 3614 rum,
589 3528 646 3623 qui
682 3526 723 3597 ab
763 3529 914 3624 episcopo
947 3527 1108 3619 ecelesiae,
1144 3528 1195 3599 rel
1228 3529 1322 3599 alteri
1367 3530 1423 3625 pio
1461 3528 1537 3602 loco

458 3620 697 3695 adscribuntur.
728 3623 764 3694 Si
798 3628 918 3695 iterum
946 3628 1090 3697 monitus
1118 3652 1188 3699 non
1211 3628 1394 3723 resipiscat,
1425 3651 1537 3697 cunc-

459 3724 499 3790 tis
538 3723 684 3817 privatur
718 3722 900 3812 fructibus,
939 3738 1039 3819 atque
1084 3726 1183 3795 etiam
1220 3726 1362 3821 episcopi
1399 3722 1536 3796 arbitrio

459 3844 477 3887 a
505 3818 653 3892 benelicii
687 3820 966 3893 administratione
997 3820 1228 3918 suspenditur3
1266 3824 1292 3891 si
1333 3844 1443 3918 neque
1483 3820 1537 3893 liis
1659 3868 1661 3886 ἱ

459 3921 591 3989 monitis
618 3933 747 4016 pareat,
782 3934 899 3990 cuncta
929 3919 959 3988 ei
989 3918 1148 3991 beneficia
1181 3935 1215 3989 et
1243 3919 1352 3991 officia
1381 3918 1537 3989 adimnn·
1659 3919 1661 4008 f

459 4032 514 4086 tur
553 4042 691 4114 spesque
733 4018 839 4088 omnis
876 4014 1066 4112 praeciditur
1105 4014 1243 4087 aliorum
1290 4017 1326 4085 in
1363 4031 1536 4113 posterum
1659 4018 1661 4034 '

458 4113 732 4199 obtinendnrum3
781 4112 925 4209 denique
960 4115 1001 4205 si,
1031 4113 1182 4185 noudum
1223 4110 1353 4184 deserat
1396 4138 1537 4209 prauum

460 4212 534 4281 vitae
568 4214 775 4302 institutum,
830 4234 930 4307 poena
977 4212 1319 4290 excommunicationis
1362 4211 1533 4308 plectitur.
