3575 5625
688 578 909 649 -777-

258 724 385 869 biit
406 724 1333 900 tutibutttlttetuuuitttuitu

260 898 362 950 nnetor
378 889 476 967 operis
494 888 538 949 la
562 885 683 964 Cbuea,
713 909 728 951 e
747 886 779 951 la
800 886 953 973 republica
975 888 1081 950 deatro
1104 888 1117 949 i
1141 886 1206 951 loro
1230 888 1334 951 limiti.

261 969 320 1033 Sed
331 970 369 1031 de
385 988 544 1049 pravorum
565 970 710 1033 librorum
729 972 835 1033 merito
855 973 945 1031 vetita
967 971 1111 1046 lectione,
1126 970 1222 1049 deque
1240 972 1334 1033 eoele-

260 1052 312 1112 sin
332 1060 362 1111 ot
386 1050 509 1113 Romani
533 1050 683 1112 Pontinus
706 1053 735 1113 in
757 1070 791 1113 eo
819 1054 937 1133 negotio
959 1061 1102 1131 potestate
1121 1052 1214 1111 solide
1236 1054 1335 1133 grovi-

260 1141 365 1211 terque
378 1132 581 1193 disseruerunt
595 1133 712 1195 Gabriel
728 1134 914 1195 Potherbeus
928 1131 1102 1196 theotimum
1114 1133 1176 1195 tiae
1190 1129 1261 1194 tiri
1273 1144 1335 1196 tres

259 1212 297 1275 de
390 1212 516 1296 rpaadie
528 1210 619 1275 mulie
632 1212 717 1279 libris
725 1238 737 1291 ;
752 1214 876 1278 Jooobus
893 1219 1048 1278 Gretserus
1061 1213 1098 1277 do
1111 1214 1230 1277 lamet
1244 1213 1335 1277 modo
1357 1258 1362 1265 -

257 1293 337 1376 prob
424 1295 448 1372 i,
467 1294 660 1377 eaparpandi
676 1306 705 1358 et
727 1295 862 1359 abolendi
886 1294 978 1359 libros
995 1295 1148 1357 baretieos
1165 1303 1194 1357 et
1211 1296 1333 1373 noxios,

258 1377 314 1455 qui
330 1376 465 1456 deinoeps
479 1378 595 1455 scripsit
608 1380 696 1437 etiem
711 1377 798 1458 hujus
816 1379 913 1457 operis
930 1376 1184 1461 supplementum,
1201 1395 1234 1436 oo
1249 1377 1337 1436 deni-

258 1456 903 1602 ttw'mututtttttitttti
916 1454 1337 1603 ‘mutuabit‘

259 1636 331 1698 quae
355 1558 532 1683 nnioqlidl
553 1622 631 1683 editu
645 1630 715 1683 sunt
741 1623 923 1697 Rotisbone3
946 1558 1133 1699 sshwphiffl
1157 1583 1337 1699 unynmdui

259 1708 427 1762 erotemata
450 1700 594 1764 dentalis
618 1722 652 1765 ae
674 1702 757 1764 bonis
779 1699 878 1772 libris,
899 1702 993 1798 depae
1009 1703 1113 1784 jueta,
1141 1708 1195 1761 aut
1219 1701 1336 1783 injusta

259 1780 434 1843 eorumdem
453 1782 629 1865 confixione,
656 1782 736 1863 quod
760 1802 833 1864 opus
857 1784 1038 1864 desonptum
1064 1792 1109 1843 est
1136 1783 1215 1842 inter
1240 1792 1337 1843 netem

620 1866 693 1925 duni
711 1863 789 1925 edito
810 1884 859 1927 nn.
883 1868 963 1927 libb
978 1874 1049 1927 tom.
1067 1867 1117 1925 ll.
1137 1864 1228 1924 Multo
1247 1864 1336 1924 etiem
1395 1905 1397 1909 -

260 1952 292 2003 et
316 1944 454 2038 predere
478 1946 580 2006 eodem
601 1884 638 2007 be
657 1964 691 2007 ro
708 1946 824 2027 oollegit
841 1950 970 2009 ioannes
993 1946 1119 2025 Boptistn
1138 1944 1292 2006 Brnsohius
1305 1947 1337 2005 in

259 2044 380 2105 egregio
400 2044 489 2104 opere
511 2026 546 2087 de
570 2025 702 2088 libertate
716 2026 840 2090 eeclesia
858 2036 929 2089 tom.
952 2030 1054 2110 deep.
1076 2029 1134 2101 26,-
1153 2027 1245 2086 multo
1263 2027 1335 2087 item

260 2108 294 2166 in
310 2106 439 2167 medium
456 2108 540 2169 nlintn
559 2116 628 2169 sunt
644 2126 660 2169 n
679 2110 810 2170 Mariano
826 2109 931 2171 Ruelio
946 2108 1116 2183 carmelita,
1135 2109 1185 2185 qui
1203 2106 1337 2168 erondioo

261 2189 382 2248 nomine
395 2189 501 2251 Gilosni
517 2190 711 2251 Eutelidensis
723 2190 818 2251 edidit
830 2191 934 2273 suppio
949 2188 1020 2252 doll'
1030 2190 1135 2252 istoria
1148 2186 1218 2250 dell'
1231 2186 1335 2251 ladiee

258 2270 395 2331 Romano
410 2268 446 2330 de
471 2267 542 2331 tert
558 2270 695 2352 proibiti,
717 2280 804 2349 etque
824 2272 862 2333 ob
886 2271 1036 2351 Alpbonso
1060 2272 1099 2331 de
1120 2270 1274 2351 lignario
1294 2271 1336 2330 is·

258 2368 335 2428 oopo
358 2348 394 2411 de
411 2355 502 2412 laeta
522 2349 719 2433 prohibitione
742 2362 770 2414 et
794 2350 952 2415 abolitione
979 2350 1123 2415 librorum
1147 2369 1252 2413 nocua
1274 2288 1337 2412 bee-

257 2430 367 2491 tionis.
397 2431 453 2492 Sed
481 2434 613 2494 omnium
642 2434 838 2513 copiosissime
864 2434 1138 2513 accuratissimeque
1159 2440 1254 2492 totum
1279 2431 1337 2492 hoo

256 2520 468 2591 argumentum
487 2516 675 2593 pertrnotnvit
694 2515 737 2577 Cl.
757 2518 904 2593 lionoris,
932 2516 984 2593 qni
1002 2516 1132 2594 primum
1154 2513 1249 2574 edidit
1274 2512 1337 2573 dis·-

257 2593 466 2670 serationem,
484 2614 549 2673 quie
570 2602 663 2656 exstet
678 2602 699 2655 t.
714 2599 732 2657 5
745 2595 849 2657 annal.
866 2594 994 2659 litterar.
1008 2594 1081 2657 ital.
1095 2593 1147 2655 tu.
1164 2598 1177 2655 i
1193 2610 1260 2676 eap.
1278 2597 1334 2669 ld,

256 2674 401 2753 deinceps
422 2694 492 2737 vei-o
514 2695 591 2737 enno
613 2678 691 2739 7777
711 2679 857 2757 pesulinre
874 2696 949 2757 opus
973 2679 1019 2738 oui
1040 2677 1144 2739 titulus
1165 2675 1267 2736 Storna
1283 2692 1338 2756 po·

257 2753 369 2820 buteo
385 2754 458 2819 delle
479 2756 659 2840 proibizioni
678 2756 713 2822 de
726 2756 808 2822 libri.
832 2759 927 2821 Habes
947 2758 1004 2820 hoe
1026 2776 1115 2838 opere
1130 2776 1189 2818 uno
1210 2757 1241 2818 in
1266 2774 1338 2817 oon·

257 2847 365 2918 speetu
385 2841 513 2918 positum
527 2840 671 2920 quidquid
687 2841 723 2901 nd
741 2842 850 2920 justam
864 2859 1028 2902 noeuorum
1041 2839 1186 2900 librorum
1202 2837 1338 2917 prohibi-

256 2921 390 2996 tionem,
413 2921 604 3000 Iioelosiaeque
627 2931 657 2982 et
680 2923 804 2984 Romani
818 2921 968 2983 Pontificio
993 2941 1026 2980 en
1053 2921 1083 2979 in
1108 2938 1141 2978 re
1164 2925 1337 2996 potestatem

256 3001 489 3079 ostendendam,
508 3014 596 3082 atque
614 3004 651 3064 nd
671 3005 876 3064 hereticorum
896 3003 1080 3080 odiorumque
1095 3001 1236 3060 similium
1257 3015 1340 3057 oom-

256 3089 361 3142 mentn
372 3083 526 3145 reiutmdn
537 3085 677 3162 pertinet.
693 3085 822 3148 videndi
835 3092 906 3144 sunt
918 3086 1007 3144 etiem
1022 3081 1189 3145 Geuchntns
1203 3077 1252 3140 let.
1267 3079 1335 3139 erit.

258 3175 336 3226 tom.
352 3167 372 3224 i
388 3162 437 3226 let.
453 3169 511 3241 il,-
526 3167 713 3228 anseoohins
730 3166 780 3228 dei
800 3164 990 3249 fundamenti
1002 3160 1082 3226 della
1097 3159 1239 3243 relipioae
1256 3177 1272 3220 e
1289 3159 1339 3222 dei

255 3245 344 3329 sonti
356 3242 426 3306 dett’
447 3247 569 3330 impietd
584 3244 634 3307 lib.
650 3249 751 3329 ὅρον.
771 3251 788 3308 5
809 3267 875 3329 oap.
901 3249 965 3308 det
983 3250 1019 3322 i,
1038 3253 1069 3305 et
1090 3244 1133 3306 Cl.
1160 3241 1338 3304 iinmnohius

257 3323 305 3389 od
321 3335 435 3387 amtor.
460 3347 509 3408 op.
532 3327 612 3406 Quid
630 3337 674 3390 eet
689 3331 800 3410 Papa?
812 3328 839 3410 S.
861 3331 902 3389 ui
919 3335 991 3390 tota.
1011 3331 1023 3388 t
1044 3327 1198 3410 pap‘dbt
1216 3332 1246 3386 et
1261 3343 1335 3407 rep,

256 3429 274 3469 n
292 3407 402 3486 quibus
417 3427 451 3468 oe
466 3409 503 3470 de
516 3427 550 3470 ro
563 3409 656 3470 multa
671 3419 740 3470 sunt
755 3410 893 3489 prnolore
906 3427 940 3470 ne
955 3408 1049 3470 solide
1061 3407 1275 3468 animadverso.

263 1864 418 1943 linynoudi
434 1882 538 1942 opem,
557 1868 598 1926 Lu

312 3535 342 3637 §.
374 3537 416 3608 il.
447 3537 548 3612 Recte
576 3541 676 3635 igitur
706 3555 740 3610 et
770 3541 934 3634 sapienter
970 3537 1119 3626 ecclesio,
1156 3539 1248 3634 enjus
1289 3551 1338 3608 est

256 3661 397 3722 curere,
422 3651 460 3706 nt
492 3639 616 3708 annotis
647 3663 723 3708 snnn
755 3636 867 3732 religio
894 3661 1067 3734 moresque
1099 3637 1218 3728 integri
1250 3635 1334 3723 sint,

256 3748 297 3804 et
334 3735 440 3804 omnis
483 3733 559 3803 mali
596 3749 694 3830 etque
725 3737 844 3808 erroris
885 3736 1050 3805 suferetur
1082 3735 1223 3822 occasio,
1266 3729 1338 3802 lec·

257 3831 387 3901 tionem
416 3845 501 3901 vetut
537 3829 716 3922 librorum,
752 3857 833 3931 quos
867 3834 962 3903 rectis
995 3830 1140 3902 moribus
1180 3855 1216 3899 oo
1258 3825 1337 3896 fidei

256 3931 441 4023 integritati
472 3932 584 4001 noxios
624 3953 690 4001 esso
721 3929 959 4002 animadvertit.
1005 3927 1096 4013 Quin
1135 3930 1252 4012 etiem,
1300 3938 1338 3991 ut

256 4027 369 4098 omnis
407 4028 443 4096 in
486 4053 521 4097 re
549 4043 617 4097 tom
656 4031 744 4122 gnari
776 4025 888 4098 domni
924 4027 1121 4123 suspiciunt
1156 4017 1339 4118 perieulum

256 4139 427 4213 urtreotur7
473 4149 515 4196 ne
557 4126 687 4196 retineri
729 4125 861 4223 quidem
904 4127 981 4223 sinit
1005 4149 1078 4210 “eos
1102 4119 1222 4207 libros,
1256 4139 1339 4213 qnos
