3575 5625
930 719 1151 789 ..576-

496 868 546 947 jus
560 874 674 928 tantum
690 866 796 928 habeat
818 864 1048 948 infligendarum
1067 886 1240 946 poenarum,
1263 885 1330 947 quse
1352 868 1483 929 animum
1500 869 1568 930 alili·

500 958 596 1030 gunt,
616 949 728 1008 nullum
749 967 819 1009 vero
838 949 870 1007 in
884 957 1082 1029 repugnantes
1104 957 1255 1011 externam
1269 950 1330 1011 rim
1352 950 1496 1012 adhibere
1509 969 1566 1028 pos-

500 1033 549 1092 sit.
576 1029 718 1093 sedeatis
739 1038 784 1090 est
805 1032 1039 1092 demonstratum
1058 1027 1110 1092 tu.
1134 1031 1152 1091 5
1176 1032 1220 1093 tit.
1243 1029 1306 1112 §.7
1328 1039 1357 1092 et
1381 1051 1443 1115 seq.
1468 1033 1567 1114 popli

501 1121 529 1174 et
553 1129 627 1195 seq„
652 1111 802 1173 eeclesiam
824 1129 942 1191 semper
965 1111 1102 1173 habuisse
1129 1131 1188 1172 nou
1217 1113 1368 1173 internum
1396 1113 1499 1186 modo,
1523 1113 1566 1173 sed

499 1194 590 1255 etiam
603 1199 758 1254 externum
781 1194 878 1254 lorum
903 1196 1033 1271 itemque
1054 1193 1191 1254 habuisse
1209 1201 1398 1273 potestatem,
1422 1213 1488 1272 quse
1500 1195 1566 1254 invi-

500 1285 546 1337 tos
564 1282 594 1334 et
610 1293 684 1354 repu
706 1281 809 1336 nentes
827 1274 864 1334 ad
887 1275 1051 1353 parendum
1073 1282 1206 1356 cogerem
1230 1275 1319 1354 idque
1345 1277 1436 1336 etiam
1454 1276 1566 1356 prestiti

500 1355 550 1419 lib.
567 1359 587 1416 l
603 1296 716 1438 titel.
740 1359 834 1417 unos.
852 1359 883 1416 l.
900 1375 937 1452 p.
954 1359 1013 1418 215
1028 1365 1143 1439 etseq,
1169 1356 1220 1416 ubi
1240 1363 1379 1436 preterea
1402 1356 1472 1418 dedi
1489 1361 1565 1420 loau.

499 1441 584 1500 xxrt
598 1438 837 1500 constitutionem
858 1436 969 1498 editam
989 1438 1128 1498 adversus
1142 1437 1305 1499 llarsilium
1323 1440 1508 1500 Petasinum.
1530 1442 1566 1500 lix

499 1538 558 1598 quo
572 1518 715 1592 efficitur,
732 1527 766 1580 ut
778 1520 805 1579 ei
819 1537 936 1597 semper
949 1519 998 1598 jus
1018 1520 1108 1580 luerit
1126 1519 1276 1600 irrogaodi
1298 1537 1415 1600 pmnas,
1431 1539 1497 1598 qum
1510 1520 1567 1579 soi·

499 1620 581 1662 mum
609 1608 640 1661 et
667 1619 735 1679 quas
756 1618 861 1680 eorpus
884 1601 1074 1683 attingerent.
1099 1604 1172 1662 Nam
1194 1601 1248 1661 istc
1274 1602 1315 1662 sic
1336 1603 1565 1680 reciprocantur,

500 1691 534 1744 ut
548 1683 572 1742 si
594 1682 713 1744 ecclesia
728 1690 844 1744 tautum
864 1683 1015 1744 internum
1034 1684 1131 1743 lorum
1150 1681 1267 1760 habuit,
1288 1683 1384 1744 solum
1398 1683 1504 1744 animis
1517 1684 1567 1742 im-

499 1765 662 1844 peraverit,
691 1766 716 1824 si
741 1772 901 1842 utrumque
925 1764 1030 1827 habuit
1052 1764 1203 1825 internum
1226 1771 1443 1844 externumque
1463 1766 1565 1838 iorum,

499 1857 564 1906 tum
581 1847 612 1905 iu
625 1846 774 1921 suimum,
790 1854 854 1906 tum
868 1846 900 1906 in
914 1865 1019 1928 corpus
1033 1863 1132 1924 poenes
1146 1847 1338 1922 constituere,
1351 1855 1382 1906 et
1396 1848 1473 1923 vim,
1488 1863 1566 1924 mam

500 1927 662 1990 coactivam
676 1928 817 2004 dicimus,
843 1925 987 1988 adhibere
999 1929 1139 2006 potuerit.
1163 1931 1239 1990 Sane
1264 1927 1441 2007 temporales
1467 1934 1496 1987 et
1509 1943 1567 1988 cor·

499 2028 554 2090 pus
574 2008 735 2070 afficientes
752 2027 845 2088 poenoe
865 2017 935 2069 suut
959 2009 1068 2071 mulcta
1091 2010 1260 2088 pecuniario
1266 2055 1277 2086 ,
1300 2007 1435 2090 flagella,
1460 2025 1564 2078 oercer,

499 2090 638 2164 exilium,
665 2099 770 2151 eeteros
794 2091 911 2171 generis
934 2091 1077 2169 ejusdem.
1101 2092 1189 2169 Atqui
1209 2091 1262 2152 has
1276 2109 1376 2170 poeuss
1396 2109 1512 2170 semper
1534 2090 1566 2150 ab

500 2173 620 2234 eeclesia
643 2170 770 2233 inflictas
789 2172 889 2248 luisse,
915 2173 994 2233 inter
1018 2189 1120 2233 omnes
1146 2180 1277 2247 constat,
1295 2172 1387 2251 idque
1415 2193 1432 2234 s
1455 2189 1502 2232 me
1525 2171 1567 2232 de

500 2263 696 2316 monstratum
715 2263 760 2316 est
776 2250 827 2315 tto.
848 2255 868 2314 l
886 2250 933 2313 tit.
952 2252 1009 2334 is.
1025 2255 1144 2335 l0po9.
1164 2257 1224 2316 225
1245 2261 1349 2337 etseq.
1372 2257 1417 2318 Ao
1437 2271 1566 2336 magnum

500 2353 617 2414 semper
627 2336 746 2396 ecclesia
759 2334 919 2395 discrimen
932 2336 1084 2396 constituit
1099 2336 1177 2396 inter
1190 2337 1354 2416 corporales
1367 2345 1398 2397 et
1412 2334 1566 2418 spirituales

499 2416 791 2560 tittt’tttllt
802 2416 954 2558 stimi
966 2415 1562 2580 bittitdimittitemini*

500 2540 616 2642 ebrium
638 2579 727 2640 luisse
741 2577 921 2653 eonstiterit,
946 2541 978 2640 ut
992 2577 1065 2640 ordo
1087 2541 1217 2658 patitur,
1236 2588 1287 2642 out
1313 2581 1437 2663 triginta
1460 2517 1566 2641 (tigroni

499 2663 593 2742 spatio
607 2679 624 2721 a
637 2660 844 2722 communione
853 2660 1010 2722 statuimus
1023 2659 1275 2738 submovendum,
1291 2672 1341 2724 aut
1355 2663 1497 2742 corporali
1508 2659 1567 2722 suo

501 2743 633 2805 dendum
647 2742 822 2821 supplicium
836 2745 878 2804 Ex
890 2742 946 2803 hoc
955 2743 1130 2824 Agathensis
1140 2744 1255 2805 concilii
1268 2763 1378 2806 oenone
1387 2744 1566 2805 menifestum

501 2836 564 2903 est,
579 2826 729 2888 ecclesiam
742 2824 773 2885 in
787 2824 979 2885 criminosum
992 2826 1132 2886 clericum
1145 2835 1301 2907 utromque
1318 2827 1502 2889 constituisse
1511 2842 1567 2905 poe-

501 2926 590 2985 nam,
607 2915 638 2968 et
647 2906 847 2987 spiritualem,
862 2906 958 2984 qualis
970 2915 1013 2967 est
1026 2906 1128 2985 ejectio
1142 2908 1377 2971 soommunione
1391 2928 1446 2987 per
1456 2908 1567 2987 triginta

494 2991 580 3067 dies,
594 2997 624 3052 et
634 2988 843 3068 temporalem,
859 2988 1022 3067 cujusmodi
1038 2997 1081 3049 est
1093 2988 1246 3072 corporale
1259 2988 1440 3073 supplicium
1445 3013 1457 3067 ,·
1467 2997 1495 3049 et
1506 3004 1567 3049 nero

501 3083 660 3150 utramque
682 3071 759 3132 hooc
772 3088 887 3149 mam
902 3089 961 3131 non
980 3071 1012 3131 in
1023 3071 1155 3148 interno,
1173 3072 1225 3134 sed
1245 3074 1276 3134 in
1290 3082 1414 3134 externo
1427 3072 1489 3133 loro
1499 3070 1567 3130 irro-

503 3173 598 3237 gasse.
621 3156 695 3217 Nam
709 3172 742 3213 eo
760 3152 861 3232 plectit
877 3152 1031 3228 clericum,
1052 3152 1134 3231 cujus
1150 3156 1262 3215 crimen
1283 3172 1342 3215 non
1360 3156 1393 3215 in
1408 3154 1472 3215 loro
1483 3150 1566 3231 pieni·

503 3238 604 3297 tentioe
623 3237 678 3297 soli
692 3234 836 3329 sacerdoti
862 3240 963 3329 notum
986 3242 1078 3309 esset,
1102 3234 1155 3296 sed
1179 3236 1238 3296 imo
1252 3236 1331 3315 quod
1351 3236 1567 3328 omnibuseospt

503 3315 1138 3460 stitit?tititlttlttimttt
1149 3314 1268 3461 {limi
1282 3314 1567 3472 &illim

503 3478 607 3538 eodem
630 3476 767 3537 similiter
790 3476 905 3536 concilii
932 3476 1150 3547 matisconensis
1168 3484 1180 3541 l
1201 3500 1269 3543 occ.
1291 3484 1308 3543 t
1331 3489 1353 3540 t.
1375 3484 1394 3541 6
1417 3479 1473 3543 col.
1498 3480 1566 3552 dii,

503 3577 593 3637 aquo
619 3558 709 3617 etism
736 3564 931 3617 numerantur
954 3557 1044 3633 ictus,
1064 3578 1138 3638 qtios
1161 3562 1284 3623 clericus
1308 3564 1485 3624 criminosus
1500 3560 1571 3620 acei-

503 3658 574 3721 pere
584 3638 682 3700 debet.
701 3636 838 3719 synodus
850 3656 969 3717 quoque
982 3642 1162 3719 Epeunensis
1176 3663 1244 3705 con.
1261 3647 1299 3707 tt
1312 3654 1384 3706 tout.
1400 3648 1416 3705 l
1432 3641 1487 3705 col.
1502 3644 1566 3714 tlt,

504 3731 660 3799 utromque
682 3740 798 3800 poenam
811 3720 1011 3796 discriminat,
1034 3730 1064 3781 et
1076 3723 1274 3802 spiritualem,
1289 3746 1347 3805 qua
1361 3725 1501 3804 mojorem
1515 3724 1568 3783 ole-

503 3806 598 3865 ricnm
612 3803 698 3882 plecti
717 3802 824 3882 jubet,
847 3811 877 3863 et
890 3804 1097 3883 temporalem,
1113 3824 1200 3883 quum
1226 3808 1256 3868 io
1272 3810 1418 3869 minorem
1438 3808 1566 3867 clericum

504 3886 666 3949 constituit.
689 3911 702 3938 α
722 3887 751 3948 Si
769 3886 929 3965 superioris
952 3885 1007 3946 loci
1027 3886 1169 3963 clericus,
1193 3890 1307 3969 iuquit,
1327 3889 1459 3951 heretici
1477 3886 1566 3967 cujus-

503 3986 629 4049 cumque
653 3968 751 4028 olerici
774 3968 897 4029 concilio
919 3967 1102 4042 interfuerit,
1126 3972 1196 4031 anni
1222 3972 1315 4051 spatio
1330 3988 1431 4052 pacem
1451 3968 1569 4031 ecclesio

490 4072 563 4116 nou
588 4048 720 4112 habebit.
746 4050 831 4126 Quod
855 4054 985 4111 minores
1010 4048 1107 4111 elerici
1132 4052 1157 4110 si
1186 4053 1443 4133 presumpserint,
1459 4050 1569 4131 vapule-

501 4134 615 4197 bunt.»
634 4135 745 4197 Potest
758 4134 833 4193 rotio
847 4130 963 4195 concilii
978 4131 1157 4194 Turonensis
1171 4136 1213 4204 ΙΙ,
1230 4155 1245 4195 a
1260 4154 1320 4215 quo
1336 4154 1402 4197 eon.
1423 4134 1462 4196 tt
1474 4131 1568 4196 tom-6

501 4214 557 4277 ool.
585 4215 644 4276 illl
658 4214 853 4296 instigationis
869 4234 955 4293 piena
970 4212 1108 4293 plectitur
1120 4216 1295 4297 negligentia
1315 4218 1439 4277 minoris
1462 4213 1566 4289 cleriei,

501 4296 666 4375 presbyteri
687 4306 787 4360 autem
809 4296 986 4378 negligentis
1011 4296 1176 4377 privatione
1199 4298 1415 4361 communionis
1436 4316 1491 4378 por
1511 4294 1568 4356 dies
