3575 5625
897 640 1095 713 ..26-

460 792 630 855 confirmata
653 793 763 867 lueret,
783 790 904 872 adjectis
926 790 1055 872 legibus,
1079 797 1113 850 ut
1129 790 1209 869 quod
1234 788 1273 850 ab
1295 789 1436 870 episcopis
1449 788 1530 868 judi·

460 884 556 937 oetum
588 875 705 951 fuisset,
732 874 769 936 ab
806 873 942 935 omnibus
965 882 1064 933 ratum
1084 871 1263 952 firmumque
1286 871 1455 934 baberetur.
1481 875 1530 935 An

458 956 568 1038 judicio
588 964 648 1018 tum
668 956 823 1031 solemnia,
842 964 903 1017 tarn
924 954 1026 1032 firma,
1050 955 1157 1033 quibus
1180 972 1281 1016 omnes
1302 972 1406 1033 parere
1423 972 1530 1035 cogun-

462 1047 526 1114 tur,
546 1057 626 1101 mera
647 1039 769 1099 arbitria
791 1038 885 1099 videri
903 1040 1045 1117 possunt?
1062 1040 1162 1098 Exstat
1180 1056 1214 1098 ea
1237 1036 1327 1097 dere
1345 1036 1529 1098 Constantini

462 1122 629 1182 constitutio
646 1120 680 1181 in
698 1124 865 1202 Eetrouup.
891 1118 928 1181 de
949 1119 1036 1201 epioe.
1049 1117 1150 1201 judie.
1168 1116 1233 1180 eod.
1256 1115 1398 1180 Tbeodoo.
1418 1126 1490 1179 tom.
1510 1119 1529 1179 6

459 1222 494 1285 p.
513 1205 587 1280 559,
613 1221 670 1282 qua
685 1204 828 1263 sancitum
845 1210 905 1278 est,
924 1210 959 1261 ut
983 1204 1118 1263 «Omnes
1131 1220 1237 1278 eausm,
1253 1220 1321 1279 quoe
1331 1200 1378 1261 vel
1392 1199 1532 1280 pretorio

459 1284 541 1363 jure,
568 1285 613 1345 vel
636 1285 714 1345 civili
746 1292 924 1359 tractantur,
949 1284 1151 1363 episcoporum
1187 1278 1341 1345 sententiis
1365 1281 1532 1341 terminatae

462 1376 602 1445 perpetuo
620 1366 783 1427 stabilitatis
794 1365 862 1445 jure
875 1366 1050 1443 firmentur,
1069 1384 1124 1427 neo
1140 1367 1225 1427 liceat
1238 1365 1361 1426 ulterius
1377 1363 1530 1425 retraetari

462 1448 626 1529 negotium,
641 1449 721 1527 quod
739 1450 941 1527 episcoporum
957 1448 1102 1508 sententia
1119 1448 1273 1508 deciderit.
1289 1448 1433 1509 a.lialsam
1453 1444 1530 1505 banc

463 1530 698 1591 constitutionem
723 1538 827 1609 putant
856 1530 1067 1606 Gotbolredus,
1095 1531 1280 1605 Frevretius,
1304 1524 1528 1608 tapsenses.

462 1611 533 1688 cit.,·
551 1613 679 1673 sedeam
694 1612 751 1673 late
766 1612 917 1674 vindicant
937 1612 1082 1673 Altaserra
1099 1610 1135 1673 de
1154 1611 1224 1673 laer.
1242 1608 1312 1672 eccl.
1328 1607 1351 1670 l.
1370 1613 1386 1671 1
1403 1628 1476 1689 cop:
1491 1610 1529 1685 ⁷3

462 1694 603 1755 Baronius
620 1693 661 1756 od
681 1714 733 1755 aet.
759 1697 817 1755 511
832 1712 919 1756 num.
949 1696 988 1754 58
1012 1702 1085 1755 tom.
1111 1696 1130 1755 5
1152 1691 1306 1776 popilii
1331 1690 1402 1755 edit.
1424 1692 1531 1766 batem

462 1776 635 1837 Sirmoudus
656 1776 689 1836 in
706 1776 782 1857 App.
803 1774 866 1837 eod.
896 1772 1005 1837 Tbeod.
1024 1784 1094 1837 tom.
1122 1777 1141 1837 7
1158 1794 1192 1857 p.
1201 1777 1237 1859 ‚t
1258 1773 1345 1862 edit.⁸
1359 1771 1533 1855 Gotltosredi

462 1857 571 1939 Lipsiae
595 1860 692 1934 libb,
719 1859 851 1919 Valesius
868 1856 903 1917 in
934 1865 997 1919 not.
1024 1854 1066 1917 od
1093 1850 1200 1919 Euseb.
1219 1850 1269 1919 *dd
1289 1854 1344 1917 vit.
1375 1858 1529 1917 Coeestoeet.

462 1936 547 2000 1161
569 1958 635 2020 cop.
661 1942 699 1999 ⁶27
716 1957 790 2021 pop.
811 1942 872 2001 sto
893 1936 939 1998 ed.
966 1934 1158 2021 Centobrip.‘;
1174 1930 1325 2009 ‚selmana
1338 1935 1383 1999 ete
1399 1934 1531 2021 eyneor.

462 2018 513 2082 lib.
541 2024 553 2082 l
583 2040 609 2081 e.
635 2022 689 2097 to,
714 2024 760 2082 lo.
787 2022 857 2082 ant.
880 2019 1001 2081 Biancbi
1025 2016 1103 2081 delio
1121 2022 1291 2095 Rottotde.
1307 2015 1388 2081 dello
1412 2015 1531 2080 Petisia

463 2099 543 2163 dello
562 2099 668 2163 chiesa
692 2110 762 2196 toan:
788 2106 890 2185 δρας.
913 2103 989 2178 701,·
1007 2104 1057 2197 lfr.
1075 2103 1197 2165 iilos-eas
1214 2100 1252 2163 da
1264 2103 1355 2188 ¹dote:
1376 2098 1446 2163 eeet.
1472 2109 1494 2161 t.
1510 2103 1531 2161 2

461 2182 933 2347 tosill‘llll'lltlllb
943 2186 1188 2348 bot-tim
1204 2178 1346 2328 bell
1359 2184 1533 2360 66636

464 2347 605 2410 oeerrime
621 2344 766 2408 uindicet.
782 2350 878 2427 Atque
896 2348 1027 2409 adbanc
1039 2347 1160 2428 quidem
1173 2349 1269 2429 legem
1285 2355 1416 2425 spectare
1427 2346 1535 2407 viden-

465 2438 514 2491 tur
529 2429 634 2491 Euseb.
650 2427 686 2490 de
699 2428 753 2489 uit.
771 2434 925 2491 Constant.
939 2427 961 2491 l.
978 2432 998 2489 1
1012 2449 1038 2491 c.
1054 2432 1094 2491 27
1104 2449 1137 2512 p.
1155 2432 1215 2492 666
1226 2428 1273 2492 ed.
1292 2428 1434 2490 Geutnbr.
1452 2430 1532 2489 1710

465 2520 494 2573 ct
511 2514 623 2573 sozom.
641 2507 692 2571 lib.
713 2514 727 2571 1
746 2507 817 2573 tier.
842 2530 869 2571 e.
889 2516 908 2573 9
927 2530 960 2592 p.
986 2514 1022 2573 2t
1045 2511 1092 2573 ed.
1114 2510 1229 2594 ejusd„
1248 2530 1315 2571 cum
1332 2511 1369 2572 de
1390 2514 1534 2573 Constan-

464 2594 527 2655 tino
537 2593 654 2667 scribit,
666 2593 746 2671 quod
763 2618 776 2647 o
789 2593 982 2673 Litigontibus
993 2594 1137 2673 permisit,
1150 2603 1184 2655 ut
1197 2594 1235 2655 ad
1244 2594 1444 2672 episcoporum
1451 2590 1534 2670 judi·

463 2678 541 2736 cium
551 2682 752 2755 provocarent,
764 2676 788 2735 si
802 2676 890 2737 modo
900 2677 1031 2736 animum
1042 2675 1215 2737 inducerent
1229 2675 1414 2756 magistratus
1432 2674 1534 2736 civiles

464 2756 600 2836 rejicere3
615 2774 716 2818 eorum
733 2765 832 2819 autem
845 2759 990 2820 sententia
1002 2766 1066 2820 rata
1079 2767 1170 2835 esset,
1191 2758 1374 2836 aliorumque
1386 2755 1533 2835 judicium

465 2841 616 2901 sententiis
643 2840 827 2918 prevaleret,
850 2840 974 2918 perinde
998 2858 1033 2901 ac
1054 2842 1079 2901 si
1107 2841 1144 2900 ab
1172 2841 1348 2919 imperatore
1376 2841 1440 2919 ipso
1464 2838 1534 2901 data

464 2923 577 2983 luisset.
592 2947 605 2974 a
628 2925 710 2982 Petet
724 2940 760 2982 ex
772 2921 829 2984 bor
845 2922 926 2998 loco,
946 2922 1095 3002 episcopos
1108 2922 1244 2984 babuisse
1256 2923 1353 2982 lorum
1368 2931 1399 2983 et
1411 2929 1536 2983 conten-

464 3007 567 3064 tiosam
579 3003 829 3082 jurisdictionem,
844 3023 927 3065 secus
943 3005 1023 3066 enim
1037 3003 1184 3083 quomodo
1198 3001 1358 3084 episcopale
1368 3003 1533 3084 judiciam,

464 3086 560 3166 potius
575 3104 662 3164 quom
681 3086 818 3148 soeeulure
841 3087 990 3168 litigantes
1002 3087 1176 3168 elegissent?
1190 3089 1232 3149 lle
1254 3092 1334 3167 patet
1345 3086 1449 3163 etism,
1464 3104 1536 3147 sen-

462 3169 569 3229 tentias
581 3169 783 3247 episcoporum
793 3169 905 3229 exitum
917 3177 947 3229 et
959 3168 1020 3229 vim
1030 3177 1142 3230 tantam
1155 3167 1264 3229 babere
1275 3167 1425 3239 debuisse,
1437 3185 1535 3247 quan-

464 3258 525 3312 tam
538 3250 647 3311 babere
666 3252 823 3312 maximum
836 3257 986 3330 poterant,
1012 3259 1043 3312 et
1057 3250 1124 3312 ideo
1137 3269 1197 3312 non
1210 3249 1332 3311 arbitria
1345 3250 1451 3326 luisse,
1465 3269 1534 3329 quaa

381 3390 384 3396 .
464 3333 539 3393 forte
553 3332 661 3410 despici
676 3333 848 3410 potuissent.
868 3333 1007 3394 Eamdem
1028 3333 1210 3396 Constantini
1227 3333 1340 3413 legem,
1357 3331 1440 3410 cujus
1452 3350 1534 3398 nunc

464 3414 537 3475 loeta
555 3416 665 3474 mentio
682 3422 741 3490 est,
761 3421 926 3475 memorant
942 3415 1030 3476 etiam
1050 3423 1138 3493 atque
1160 3414 1335 3477 confirmant
1361 3414 1534 3492 capitularia

466 3495 559 3558 Caroli
577 3499 616 3556 ll.
639 3492 661 3556 l.
686 3497 704 3556 6
727 3515 763 3556 eu
786 3539 795 3555 .
817 3497 876 3556 566
900 3503 922 3556 ι.
942 3499 956 3557 1
974 3495 1028 3559 eol.
1048 3500 1110 3560 668
1130 3495 1178 3559 ed.
1193 3494 1320 3560 Baioarii
1344 3497 1416 3558 Vere.
1434 3498 1531 3578 4772,

465 3575 517 3636 ubi
542 3594 575 3637 ea
608 3585 729 3660 sumpte
772 3576 861 3638 icitur
883 3597 920 3640 ee
943 3575 1134 3641 sextodecimo
1166 3575 1319 3640 Tbeodoea'i
1341 3578 1535 3659 imperatorie

465 3655 539 3720 libro
557 3677 621 3739 cop.
645 3661 702 3737 ll,
727 3659 778 3739 qui
796 3659 875 3721 locus
894 3663 1049 3723 nonnullos
1073 3664 1105 3724 in
1121 3680 1186 3723 eam
1205 3662 1374 3742 opinionem
1392 3660 1533 3741 adduxit,

466 3747 500 3800 ut
521 3741 674 3801 crederent
698 3741 779 3802 illam
803 3741 898 3822 legem
921 3761 938 3803 a
963 3744 1066 3806 carulo
1092 3749 1133 3807 ll.
1164 3762 1224 3805 uon
1248 3743 1452 3815 Constantino,
1480 3745 1535 3807 sod

466 3821 630 3885 Theodosio
640 3821 815 3902 adscriptam
833 3825 933 3885 luisse.
949 3827 1007 3888 Sed
1023 3826 1165 3887 falluntur
1268 3826 1309 3902 ὀς
1326 3825 1481 3904 quoniam,
1498 3836 1535 3887 ut

466 3905 601 3967 observat
614 3903 747 3966 Baluzius
761 3905 794 3966 in
808 3915 868 3966 aot.
888 3913 910 3966 t.
931 3906 1022 3970 ficol.
1039 3911 1113 3987 819,
1137 3909 1175 3970 iis
1195 3925 1248 3968 ver
1269 3909 1293 3968 is
1313 3906 1535 3971 Theudosianas

340 3986 344 3996 '
466 3986 563 4050 Codex
590 3985 770 4068 designatur.
800 3989 873 4058 Cum
901 3990 1090 4052 Constantino
1116 3991 1303 4051 consentiunt
1336 3989 1477 4051 Arcadius
1503 3999 1536 4052 et

467 4068 627 4143 Honorius,
651 4086 779 4148 quorum
797 4078 842 4129 est
856 4072 1024 4134 constitutio
1045 4073 1076 4133 in
1097 4072 1134 4132 L.
1157 4070 1256 4133 leod.
1277 4069 1313 4133 de
1331 4070 1418 4153 episc.
1441 4070 1532 4150 aed,

465 4169 522 4228 qua
543 4151 733 4231 imperatores
751 4151 911 4230 inquiunt:
935 4179 948 4208 ι
963 4154 1131 4234 Episcopale
1145 4153 1290 4233 judicium
1304 4160 1402 4214 ratum
1416 4156 1454 4215 sit
1468 4171 1533 4215 om-

466 4232 567 4314 nibus,
595 4233 646 4313 qui
667 4251 699 4296 se
716 4233 812 4296 eudiri
833 4253 849 4295 a
870 4237 1069 4299 sacerdotibus
1086 4237 1244 4318 elegerint,
1264 4254 1387 4315 eamque
1412 4236 1532 4299 illorum
