3575 5625
912 664 1108 737 ...50-

477 812 573 885 rebus
599 810 783 911 jurisdictio
813 826 879 901 est,
914 810 1001 884 earu
1022 836 1171 885 exercere
1213 834 1280 883 non
1313 824 1438 907 potest,
1483 812 1546 883 nisi

479 912 624 1009 acquirat
659 936 816 983 consensu
847 910 1045 1006 litigantium
1085 926 1121 981 et
1153 912 1344 981 auctoritate
1367 909 1546 1007 principis,

480 1012 538 1106 qui
562 1006 646 1079 civili
671 1007 856 1107 reipublicae
878 1011 1029 1107 imperat.

525 1104 556 1206 ς.
591 1104 702 1177 XXV.
744 1106 853 1204 Atque
887 1109 974 1178 intra
1001 1105 1061 1179 hos
1087 1104 1223 1204 quidem
1256 1106 1341 1177 fines
1375 1120 1409 1175 et
1435 1102 1547 1199 leges,

477 1220 615 1303 utraque
648 1204 829 1301 respublica
863 1230 956 1276 suam
995 1230 1124 1303 semper
1154 1204 1297 1275 exercuit
1325 1217 1545 1299 potestatem,

476 1301 683 1374 ecclesiastica
738 1306 774 1375 in
823 1302 922 1375 rebus
963 1306 1059 1374 sacris
1094 1318 1129 1375 et
1167 1302 1301 1391 divinis,
1343 1302 1550 1400 negotiisque

476 1399 684 1491 elericorum,
716 1400 816 1472 civilis
850 1402 886 1471 in
920 1400 1072 1473 omnibus
1105 1400 1262 1473 laicorum
1297 1401 1545 1487 controversiis,

479 1524 553 1595 quaa
587 1497 763 1593 spiritualia
796 1522 864 1570 non
903 1501 1083 1594 attingunt.
1117 1498 1216 1571 lnitio
1247 1496 1392 1569 sedeciae
1422 1495 1549 1595 judicia

477 1594 657 1668 minoribus
692 1596 949 1668 solemnitatibus
979 1613 1048 1668 aeta
1082 1596 1178 1668 fuisse
1218 1594 1390 1684 ridentur,
1421 1611 1460 1665 ut
1490 1620 1549 1666 ee-

476 1692 574 1765 lerius
603 1694 846 1791 expedirentur.
876 1695 962 1767 Hinc
987 1720 1072 1792 oaepe
1095 1697 1364 1767 camacum
1383 1693 1550 1791 judicium
1658 1737 1659 1764 ,

472 1794 609 1887 forami
637 1796 814 1890 opponitur
852 1792 929 1890 (1),
964 1796 1120 1891 quoniam
1147 1793 1189 1863 ab
1225 1790 1282 1895 illo
1321 1790 1436 1888 procul
1466 1790 1549 1861 abe-
1658 1833 1659 1882 3

476 1906 552 1961 rant
587 1893 674 1961 tricae
707 1906 741 1961 et
768 1890 939 1987 ambages,
964 1918 1041 1988 quoe
1078 1892 1240 1985 sorensem
1271 1891 1549 1961 concertationem

476 1987 698 2085 implicabant.
740 1986 824 2058 Satis
858 2006 928 2059 erat
958 2014 1026 2059 csse
1059 2004 1225 2080 actorem,
1254 1982 1310 2086 qiri
1353 1988 1547 2082 petitionem
1658 2061 1659 2092 ,

479 2101 698 2181 proponeret,
747 2111 862 2175 reum,
919 2087 976 2183 qui
1019 2085 1223 2185 excluderet,
1268 2084 1433 2184 judicem,
1488 2086 1549 2182 qui

478 2208 549 2255 rem
576 2198 722 2254 nosceret
753 2198 787 2252 et
818 2186 1012 2255 sententiam
1040 2184 1159 2275 ferret,
1189 2200 1228 2257 ut
1255 2186 1362 2254 omnis
1389 2186 1436 2254 rei
1464 2186 1548 2254 ratio

479 2278 628 2353 conclusa
656 2278 841 2352 baberetur.
877 2280 953 2354 Non
984 2281 1094 2353 deerat
1121 2282 1276 2380 quidem,
1305 2303 1379 2379 quae
1407 2306 1447 2352 ex
1469 2284 1549 2378 jure

478 2394 606 2451 naturae
652 2376 818 2474 procedit,
856 2382 966 2451 citatio
1010 2382 1077 2469 rei,
1120 2407 1190 2453 nou
1238 2379 1373 2450 deerant
1410 2378 1549 2474 legitimi

476 2475 708 2575 probationum
742 2477 1015 2574 exquirendarum
1053 2478 1162 2568 modi,
1192 2502 1302 2575 neque
1338 2492 1442 2548 cetera
1480 2502 1547 2572 op-

476 2590 617 2673 portuna
652 2573 812 2661 remedia,
858 2574 915 2647 sed
952 2575 1115 2675 judicium
1151 2580 1221 2648 sine
1270 2590 1321 2646 tot
1356 2574 1549 2646 solemnita—
1659 2643 1660 2656 ,

476 2672 584 2762 tibus,
622 2697 701 2769 quus
738 2672 845 2745 civiles
884 2674 972 2771 leges
1009 2676 1219 2766 invexerant,
1265 2673 1411 2744 celeriter
1444 2698 1548 2770 expe-
1659 2679 1660 2692 ¹

478 2770 639 2844 diebutur.

517 2917 560 3001 (l)
581 2917 810 2980 Ecclesiasticum
822 2917 967 2997 judicium
985 2919 1124 2982 elorensi
1140 2919 1327 3002 distinguunt
1339 2924 1371 2984 S.
1387 2920 1545 3002 lugentia.

477 2997 517 3062 od
531 2997 668 3084 Bcnisue.
686 2996 736 3094 lib.
754 3003 772 3062 5
787 3018 855 3082 cup.
873 3003 890 3063 b
911 3021 980 3096 opp.
997 3011 1067 3064 tom
1086 3004 1127 3062 tu
1140 3000 1195 3064 col.
1211 3005 1269 3065 too
1284 3002 1330 3066 ed.
1353 3005 1453 3067 Venet.
1476 3001 1548 3078 eit,-

478 3087 509 3145 S.
528 3086 585 3145 teo
603 3087 644 3144 ll.
665 3090 751 3164 aptet.
773 3084 792 3143 2
809 3079 850 3142 ad
864 3085 978 3147 uraca
994 3082 1178 3146 Narbonem.
1197 3084 1309 3169 inquio.
1333 3086 1369 3146 X
1383 3081 1437 3146 col.
1464 3085 1548 3146 ltus

478 3171 549 3226 tent.
567 3167 582 3225 l
600 3163 648 3226 ed.
663 3161 810 3226 Baliaris.
829 3166 924 3244 1755,
941 3165 1049 3244 aliique
1062 3166 1236 3245 complures.
1252 3169 1310 3230 Sed
1324 3166 1356 3228 hi
1370 3185 1471 3229 omues
1483 3165 1548 3227 dis·
1660 3226 1661 3251 ,

476 3247 649 3307 tinctionem
667 3245 742 3309 bunc
759 3247 837 3308 iuter
861 3257 1020 3326 utrumque
1035 3247 1181 3327 judicium
1203 3248 1359 3326 adhibent,
1382 3265 1443 3309 nou
1465 3247 1548 3328 quod

476 3328 700 3390 ecclesiasticum
726 3346 830 3391 verum
853 3347 913 3390 non
937 3337 1014 3391 esset
1037 3329 1198 3410 judicium3
1223 3332 1275 3393 sed
1299 3331 1379 3410 quod
1405 3330 1545 3404 celerius,

477 3428 564 3488 quam
582 3409 697 3471 lorense
713 3409 937 3490 expediebatur,
956 3429 1053 3492 neque
1069 3413 1102 3474 iu
1123 3431 1158 3474 eo
1180 3413 1262 3474 tricae
1285 3414 1480 3494 ambagesque
1498 3412 1547 3473 fo—

478 3509 578 3552 renses
591 3491 774 3553 obtinebunt.

523 3645 554 3748 §.
590 3645 714 3719 xxvl.
747 3650 898 3746 Denique
935 3667 1031 3724 aucto
1067 3649 1176 3723 litium
1203 3678 1360 3742 numero,
1394 3677 1546 3725 commo·

477 3744 549 3817 dius
584 3747 689 3818 visum
721 3763 769 3820 est
799 3752 834 3820 in
863 3747 995 3845 judiciis
1030 3748 1246 3824 ecclesiasticis
1281 3767 1409 3823 certum
1452 3749 1546 3823 ordi·

476 3869 554 3918 nem
596 3843 801 3944 formamque
839 3851 1054 3938 constituere,
1094 3864 1193 3946 atque
1234 3853 1269 3920 in
1312 3853 1350 3921 iis
1388 3848 1545 3947 quasdam

478 3941 631 4014 adhibere
663 3944 899 4036 solemnitates,
929 3969 1007 4044 quae
1039 3949 1160 4043 partim
1191 3975 1209 4018 a
1246 3947 1326 4019 Jure
1364 3948 1450 4020 civili
1481 3947 1544 4020 de-

477 4055 639 4138 sumptae,
666 4045 786 4138 partim
817 4043 858 4114 ab
888 4045 1104 4116 ecelesiasticis
1130 4048 1275 4142 primum
1307 4044 1432 4142 legibus
1459 4071 1545 4118 con-

477 4141 601 4212 stitutae
635 4156 723 4212 sunt.
761 4141 801 4212 lu
832 4144 945 4239 primis
983 4159 1094 4214 autem
1127 4143 1266 4216 Romani
1297 4144 1474 4216 Pontifices
1504 4169 1544 4215 aa

479 4237 520 4310 de
544 4265 580 4310 re
606 4237 813 4331 laborarunt,
842 4242 1005 4338 proposita
1032 4240 1234 4340 judiciorum
1261 4241 1437 4336 methodo,
1468 4265 1543 4339 quae
