3575 5625
899 636 1121 705 ..2⁴8-

470 788 522 850 citd
544 785 578 848 de
607 784 735 869 t'cppel,·
766 784 929 846 Febronius
958 784 1066 861 aliique
1092 782 1213 843 similas.
1242 784 1355 842 Horum
1384 791 1551 845 commenta

469 870 587 951 egregie
608 872 781 1011 rpiutarunp
797 863 1552 1010 ppprcspvierpgpptizpwzrpupdepzdprffiqs

471 950 522 1094 iii.
532 950 586 1094 lici
611 948 778 1106 iamt,
794 1040 825 1091 ct
840 967 876 1091 iu
894 990 1068 1127 coase'reaoc
1085 990 1122 1089 di
1142 1030 1188 1088 Μ.
1205 1031 1348 1105 Recedet,
1364 988 1467 1089 auctor
1479 990 1550 1088 iibri

470 1114 620 1199 Rdflaxioa
631 1132 687 1175 aar
700 1132 744 1174 ua
757 1112 848 1189 acria·
862 1113 993 1175 Nicolma
1006 1108 1236 1254 dcaprttcadus
1250 1111 1281 1170 rc'
1294 1112 1392 1172 orando
1404 1111 1550 1172 corcaia-

471 1214 524 1259 cua
545 1195 580 1258 da
599 1193 724 1257 cubicae
746 1190 796 1255 laia.
825 1198 903 1256 ὅσα
926 1238 934 1255 .
957 1196 994 1269 9,
1022 1201 1052 1255 et
1127 1189 1240 1253 t'uniaa
1317 1178 1441 1275 l'd‘pliec
1453 1190 1551 1253 tuo

471 1296 538 1360 cap.
569 1280 625 1353 aa,
654 1275 872 1339 Schcffmaaher
896 1213 948 1339 iii>
977 1277 1013 1352 o;
1041 1274 1219 1336 Toamdius
1247 1281 1336 1334 tract.
1364 1274 1401 1336 dc
1432 1272 1553 1336 coclerio

469 1378 540 1441 par.
558 1357 961 1434 curcumdederunt
981 1376 1054 1419 ocra
1075 1352 1145 1417 cccl.
1164 1353 1275 1417 chnut.
1295 1365 1368 1417 tona.
1391 1357 1405 1415 1
1425 1376 1493 1439 cup.
1511 1360 1551 1417 111

470 1449 500 1502 ct
523 1458 598 1524 seq,
619 1448 648 1501 et
673 1442 706 1501 in
724 1437 827 1524 colloq.
853 1439 925 1502 cdv.
951 1438 1089 1501 Piciaea.
1111 1456 1185 1520 par.
1207 1435 1350 1520 daoticq.
1374 1439 1395 1498 1
1419 1441 1552 1500 ΜΛ

473 1531 541 1584 etse
563 1546 586 1599 .,·
603 1524 777 1584 Feaeionias
795 1522 1029 1603 archiepiscopus
1050 1521 1264 1583 Cameracensis
1281 1521 1467 1582 laaaoaeica
1478 1537 1552 1600 pua-

474 1542 566 1666 toroZ
580 1624 631 1665 aa.
650 1607 746 1681 17083
761 1605 841 1665 card.
858 1605 895 1665 de
913 1604 996 1683 Bisay
1014 1602 1199 1664 amaracina
1208 1599 1360 1683 pastorale
1377 1620 1430 1663 aa.
1452 1603 1552 1676 atat,-

472 1690 637 1767 Languetus
651 1689 803 1765 episcopua
823 1685 1028 1748 suessonensis
1041 1684 1259 1746 laaamcctoaa
1279 1702 1333 1743 oa.
1355 1685 1435 1745 1718
1460 1702 1494 1744 ιι.
1511 1686 1553 1744 24

474 1777 502 1829 ct
513 1786 574 1851 aeq.
591 1770 726 1847 Denique
743 1767 805 1829 haec
822 1768 956 1829 doctrino
968 1776 1118 1844 tamquam
1144 1766 1281 1827 heretica
1305 1765 1337 1825 iu
1364 1768 1405 1826 di.
1422 1765 1554 1827 Antonio

472 1850 510 1910 de
527 1851 660 1913 Dominis
679 1870 695 1911 a
715 1850 846 1912 Sarbane
867 1851 1004 1911 damnata
1025 1857 1080 1909 eat.
1100 1850 1213 1909 Revera
1235 1848 1320 1925 plura
1343 1855 1427 1923 suat,
1453 1855 1489 1907 ut
1509 1864 1553 1907 os

449 1920 556 1992 ’tendi
571 1933 603 1993 ia
623 1930 837 2071 prolepomcaia
850 1950 916 2011 cap.
941 1928 1009 2012 13.
1031 1932 1069 1991 18
1090 1948 1161 2012 pop.
1182 1932 1223 1990 22
1244 1936 1315 1991 tom.
1342 1932 1380 1999 i,
1401 1946 1553 1989 sacrarum

474 2013 686 2091 scripturarum
715 2032 780 2083 oca,
806 2013 960 2091 inquibus
976 2013 1073 2073 omnis
1092 2011 1232 2087 docendi,
1256 2009 1410 2089 poscendi,
1428 2010 1554 2091 rependi

474 2102 600 2172 potestas
622 2112 680 2154 non
701 2093 796 2171 plcbi,
822 2096 874 2155 acd
901 2102 1017 2153 tantum
1039 2093 1177 2173 apostolis
1199 2093 1352 2168 omnibus,
1377 2100 1429 2152 aut
1456 2093 1555 2153 nomi·

475 2177 567 2235 natim
589 2179 675 2235 Petro
698 2175 765 2235 data
783 2182 843 2250 cst,
860 2183 949 2253 atque
965 2175 1128 2235 absurdum
1146 2183 1221 2235 essct
1246 2192 1295 2249 ca,
1314 2191 1382 2253 quac
1397 2174 1554 2252 apostolis,

476 2255 532 2316 hoc
544 2264 587 2317 est
606 2256 751 2335 praeiectis
763 2257 840 2317 dicta
863 2266 949 2333 sunt,
970 2257 1008 2318 ad
1022 2257 1138 2335 plebem
1160 2256 1347 2335 detorquere.
1376 2256 1556 2334 Hujusveao

476 2338 513 2397 ab
540 2338 677 2416 apostolis
704 2356 865 2416 eorumque
899 2338 1113 2399 aucceasoribus
1137 2338 1273 2398 exercite
1299 2338 1449 2415 potcstatis
1473 2338 1557 2415 pieni

476 2428 546 2479 sunt
560 2437 707 2480 sacrarum
726 2421 939 2499 scripturarum
955 2428 987 2481 ct
1006 2421 1205 2481 ecclesiastico
1223 2418 1354 2480 historie
1366 2419 1453 2493 libri,
1472 2438 1558 2479 eam·

476 2519 534 2579 que
549 2502 763 2562 testatissimam
785 2502 897 2561 iaciunt
911 2505 1013 2563 Patrca
1027 2502 1173 2575 universi,
1189 2502 1353 2579 presertim
1367 2502 1499 2581 ignatius
1512 2505 1555 2562 11.

478 2600 523 2664 cp.
551 2579 592 2642 cd
620 2580 769 2645 rrattiaa.
794 2602 879 2644 oum.
907 2584 961 2659 70,
996 2583 1075 2663 apud
1098 2582 1278 2645 cotelerium
1300 2583 1366 2643 PP.
1393 2580 1555 2665 Apostolos.

479 2672 550 2725 tom.
573 2666 593 2723 d
613 2682 655 2747 pa
679 2708 686 2725 .
711 2667 751 2725 65
775 2662 821 2725 ed.
842 2663 966 2727 dmatel.
994 2667 1090 2740 am,-
1108 2664 1272 2744 Cyprianus
1296 2662 1333 2725 dc
1351 2663 1430 2725 uait.
1453 2663 1557 2727 ecta.

476 2747 606 2890 aaa
623 2683 1557 2891 danaraaz-annam·

480 2910 623 2986 Hilarius,
659 2912 832 3053 drepanius,
856 2873 951 2972 'ceteri
980 2877 1097 2988 Patres,
1136 2849 1209 2991 ἔξω
1235 2875 1336 2971 laudat
1356 2848 1501 2972 ¹iyiicoiiua
1523 2871 1559 2970 di
1664 2964 1666 2990 ,

479 2989 584 3053 l'anite'
602 2991 638 3053 de
654 2978 723 3074 t’dq
735 2991 778 3052 iae
791 2990 843 3053 tic.
861 2995 879 3054 5
898 2990 985 3074 adop.
1005 2995 1060 3070 11,
1080 2992 1132 3052 ubi
1152 3011 1255 3054 omncs
1278 2992 1435 3053 diluuntur
1453 2992 1558 3071 appel·
1664 3036 1666 3074 ,

477 3073 602 3135 lentium
627 3073 820 3152 objectiones,
836 3093 903 3154 quae
915 3074 1028 3135 eaedem
1043 3093 1077 3134 ac
1091 3075 1316 3152 protestantium
1336 3081 1418 3134 sunt.
1435 3077 1477 3136 Ac
1496 3092 1557 3136 uon

479 3155 567 3217 moda
582 3157 671 3216 sacris
685 3156 792 3217 litteris
809 3165 839 3218 et
852 3157 1004 3217 traditioni
1019 3155 1228 3232 adversantur,
1246 3156 1297 3234 qui
1318 3155 1419 3234 popuii
1433 3173 1559 3216 conscu-
1664 3155 1666 3208 ἱ

479 3255 544 3296 sum
571 3245 600 3297 ct
626 3237 799 3318 suffragium
824 3239 1019 3299 necessarium
1045 3246 1166 3316 putant,
1196 3246 1237 3297 ut
1259 3237 1387 3297 ecciesiae
1411 3237 1557 3315 judicium

479 3318 599 3393 existat,
615 3319 668 3378 aed
687 3321 776 3378 ctiam
797 3337 917 3396 prorsus
938 3318 1063 3380 ridicule
1078 3327 1191 3378 certum
1206 3337 1240 3378 ac
1256 3319 1318 3379 iclli
1336 3319 1468 3379 nescium
1479 3319 1559 3399 judi·

479 3399 557 3456 aium
572 3408 769 3476 exspectanta
786 3400 979 3461 multitudine
996 3402 1142 3479 imperita,
1159 3401 1231 3476 icai,
1247 3400 1441 3474 inconstanti,
1457 3401 1556 3479 cnjus,

479 3485 514 3537 ut
530 3477 708 3555 plurimum,
727 3481 850 3541 diversae
866 3489 937 3541 sunt
950 3479 1119 3558 sententiae,
1134 3499 1202 3560 quae
1219 3483 1348 3560 partium
1359 3481 1467 3543 studiis
1482 3481 1560 3560 repi-
1664 3474 1665 3513 ³

480 3567 547 3633 tur,
569 3577 636 3636 quoe
660 3559 743 3620 facila
769 3561 801 3621 in
833 3579 964 3623 errorem
985 3563 1147 3624 inducitur.
1175 3565 1281 3624 Omnia
1316 3562 1379 3623 hec
1405 3564 1560 3624 enucleate
1664 3576 1665 3581 ¹

481 3640 654 3734 copioseque
673 3641 863 3734 persequitur
878 3644 1062 3705 doctissimus
1080 3645 1259 3706 Mamcahius
1273 3645 1348 3727 arip.
1367 3652 1398 3706 et
1411 3665 1433 3705 o
1474 3646 1481 3660 '
1525 3645 1557 3704 “.

481 3718 638 3782 chroatiae.
654 3717 705 3783 lob.
722 3724 742 3783 1
752 3741 823 3805 par.
845 3729 864 3786 2
888 3743 954 3806 cap.
978 3729 990 3786 1
1009 3724 1036 3806 §.
1058 3729 1202 3788 itcrat
1223 3745 1295 3808 paq.
1311 3728 1372 3787 256
1392 3745 1454 3809 aeq.

480 3819 550 3864 vero
563 3803 674 3863 dicitur
684 3803 722 3864 dc
736 3805 925 3882 subjiciendis
939 3808 1168 3886 uniuscujusque
1177 3809 1302 3868 examini
1317 3807 1558 3884 definitionibus,
1664 3828 1665 3837 ¹

479 3885 529 3960 id,
546 3893 580 3944 ut
595 3895 675 3945 recto
689 3885 824 3946 observat
837 3888 880 3949 Cl.
898 3887 1054 3968 Belgeniua
1068 3889 1099 3949 ia
1118 3907 1220 3967 opere,
1238 3891 1284 3949 cui
1298 3890 1403 3951 titulus
1416 3890 1560 3972 napata

480 3963 512 4026 ol
525 3965 639 4050 quesita
655 3970 731 4028 Cosa
749 3967 765 4027 d
782 3985 825 4028 aa
839 3966 1029 4052 appellante?
1047 3987 1134 4031 aum.
1154 3973 1214 4032 528
1231 3989 1294 4054 ceq.
1310 3991 1383 4053 pop.
1405 3973 1465 4034 1116
1478 3988 1557 4052 acq,

480 4051 586 4111 recidit
613 4050 643 4108 in
668 4066 791 4110 examen
816 4059 845 4111 et
868 4051 1007 4130 spiritum
1030 4053 1177 4130 privatum
1200 4053 1441 4132 protestantium,
1468 4069 1560 4130 quem

481 4149 611 4192 errorem
628 4132 686 4190 late
702 4131 869 4191 refutarunt
888 4133 1082 4195 Baiiarminus
1097 4143 1227 4195 rannac.
1243 4131 1294 4195 tia.
1311 4138 1329 4195 5
1349 4133 1385 4196 dc
1401 4133 1485 4196 cerdo
1498 4134 1563 4194 Dei

482 4229 548 4293 cop.
566 4217 583 4274 5
600 4221 669 4274 tom.
695 4215 708 4272 1
732 4232 801 4296 opp.
824 4233 899 4296 paq.
925 4218 965 4275 ot
984 4213 1054 4276 edit.
1078 4217 1178 4276 Vocet.
1192 4218 1290 4290 rara·
1305 4218 1472 4278 Bosauetius
1484 4213 1560 4276 dr’ct.
