3575 5625
925 731 973 745 ..
998 688 1048 759 96
1073 731 1121 745 .-

476 797 583 982 aayat
603 857 655 922 qu.
677 841 711 914 4,
735 843 763 899 et
779 835 955 916 capitularia
975 836 1070 898 Caroli
1092 838 1131 898 n.
1158 831 1208 896 lab.
1237 835 1250 894 l
1273 852 1340 917 cop.
1365 835 1425 896 l'o'b'
1441 841 1513 898 tom.
1538 838 1556 898 l

476 940 532 983 ao.
553 923 609 982 491
636 917 706 981 edit.
734 915 857 980 Boluzit'
884 920 956 981 Vra.
984 919 1079 992 twa,-
1099 936 1132 978 ae
1155 915 1358 978 Macedonium
1382 919 1560 996 episcopum

476 1007 532 1066 GP.
553 1003 590 1063 ab
608 1002 748 1080 episeopis
769 1001 951 1142 septuyginta
977 998 1092 1060 duobus
1114 998 1260 1079 degrada
1280 998 1426 1076 dejectum
1450 1008 1564 1059 narrat

477 1093 578 1144 auctor
594 1081 726 1144 chronio.
750 1078 843 1142 Aleae

891 1127 898 1142 .
926 1077 1045 1163 Olymp.
1067 1083 1128 1142 285
1148 1079 1182 1140 in
1205 1077 1348 1141 Bibliotb.
1375 1082 1441 1141 PP.
1462 1090 1485 1141 t.
1513 1083 1564 1142 ¹2
1669 1116 1670 1143 ι

474 1185 547 1248 999·
573 1167 629 1227 95¹
656 1163 703 1225 ed·
726 1161 866 1246 buydua.
888 1167 1083 1240 Imperatores
1122 1162 1362 1239 Valentinianus,
1391 1162 1497 1224 Valens
1525 1171 1566 1224 et
1669 1158 1670 1221 ἱ

477 1247 632 1310 Gratianus
657 1247 689 1306 in
710 1245 745 1306 t.
774 1248 813 1306 20
831 1241 895 1305 eod.
926 1240 1067 1305 Theodec.
1095 1248 1187 1321 Quor.
1206 1240 1348 1325 appellat.
1374 1261 1435 1304 oon
1458 1241 1563 1326 accip.

477 1335 564 1389 testes
583 1330 622 1388 70
648 1335 812 1388 memorant
832 1323 981 1386 adhibitos
1001 1326 1031 1386 in
1052 1343 1137 1384 eausa
1164 1325 1325 1386 chromatii
1353 1327 1449 1402 episeo
1469 1326 1494 1400 ῖς
1527 1335 1566 1386 et

477 1414 601 1492 August.
625 1409 659 1471 io
673 1406 793 1469 Brevia.
813 1403 914 1469 collat.
931 1404 1024 1468 dieto
1045 1425 1111 1488 cup.
1135 1408 1174 1467 ll
1188 1425 1256 1489 opp.
1280 1416 1350 1468 tom.
1372 1408 1390 1466 9
1413 1344 1469 1467 ωε
1491 1407 1565 1467 too

478 1490 524 1554 ed.
540 1489 651 1552 Bened.
667 1490 716 1552 eit.
732 1490 913 1550 mentionem
931 1489 1000 1549 lacit
1017 1487 1131 1548 concilii
1145 1489 1225 1567 apud
1241 1489 1447 1568 Carthaginem
1463 1506 1480 1546 a
1501 1487 1568 1550 do·

478 1573 592 1635 rtatistis
617 1572 724 1648 babiti,
740 1589 798 1650 quo
814 1569 984 1633 Cmcilianus
997 1572 1035 1630 ab
1049 1571 1190 1648 episeopis
1203 1568 1265 1630 lere
1278 1571 1462 1650 septuaginta
1480 1587 1566 1630 eon-

479 1654 633 1715 damnatus
656 1653 724 1715 luit.
752 1653 836 1714 Mitto
863 1651 1015 1712 decretum
1041 1651 1156 1712 concilii
1183 1653 1307 1712 Romani
1334 1652 1390 1712 sub
1414 1652 1577 1713 silvestro·

478 1735 634 1813 Pontifice,
660 1734 741 1814 quod
764 1743 808 1795 est
829 1733 909 1812 apud
931 1732 1103 1796 Gratianum
1127 1751 1196 1792 can.
1219 1735 1238 1793 9
1258 1751 1324 1814 cop.
1346 1735 1365 1793 2
1387 1750 1439 1814 qu.
1466 1734 1498 1808 5,
1530 1741 1568 1793 et

478 1837 537 1896 quo
551 1817 699 1879 habentur
717 1815 799 1877 hoec:
832 1841 845 1870 a
860 1815 971 1876 Praesul
989 1832 1048 1874 non
1066 1813 1270 1890 damnabitur,
1285 1815 1341 1875 nisi
1356 1833 1424 1874 eum
1439 1815 1478 1874 ta
1493 1823 1568 1875 tes-

479 1900 588 1961 tibus.
612 1942 620 1958 .
647 1941 655 1958 .
683 1940 690 1956 .
715 1897 869 1976 presbyter
885 1895 1041 1955 cardinalis
1060 1896 1115 1955 nisi
1134 1914 1201 1956 eum
1218 1898 1258 1958 44
1285 1938 1323 1956 ..
1351 1939 1359 1955 .
1385 1939 1392 1954 .
1415 1895 1567 1957 diaeonus

480 1979 634 2042 cardinalis
653 1979 735 2038 urbis
751 1981 853 2039 Romae
876 1977 934 2036 nisi
953 1995 1019 2036 eum
1041 1977 1219 2038 attactibus
1242 2021 1251 2038 .
1276 2019 1284 2037 .
1310 2020 1318 2037 .
1341 1977 1564 2054 subdiaconus,
1669 2012 1670 2015 =

480 2060 646 2140 acolythus,
667 2059 823 2136 exorcista,
843 2059 950 2134 lector,
976 2058 1112 2119 ostiarius
1132 2060 1167 2135 7;
1190 2084 1203 2112 a
1232 2058 1362 2136 itemquo
1382 2059 1468 2118 mitto
1490 2069 1567 2119 aeta

481 2141 583 2204 concili
599 2140 781 2216 Sinuessaui,
800 2157 837 2200 ex
857 2139 965 2218 quibus
985 2147 1112 2216 constat,
1132 2139 1280 2201 adbibitus
1300 2140 1390 2200 luisse
1412 2147 1498 2200 testes
1518 2141 1567 2202 72
1669 2136 1670 2139 ’

481 2224 619 2286 adversus
634 2221 850 2298 Marcellinum,
866 2222 917 2299 qni
939 2221 1026 2281 idolis
1041 2220 1111 2281 tbus
1122 2221 1283 2284 adolevisse
1296 2220 1453 2283 terebatur.
1469 2221 1567 2283 liitto

481 2307 600 2384 inquam
617 2300 790 2382 utrumque,
803 2303 943 2381 quoniam
958 2307 1123 2364 Romanum
1137 2302 1211 2363 iliud
1224 2304 1379 2367 concilium
1391 2302 1428 2364 ab
1441 2300 1567 2365 isidoro

481 2385 741 2450 Mercatore‘fuisse
759 2385 932 2460 confictum,
953 2401 1054 2445 omnes
1071 2394 1196 2461 norunt3
1212 2393 1242 2445 et
1260 2385 1396 2446 similiter
1416 2383 1568 2446 omnibus
1669 2406 1670 2415 ¹

482 2475 664 2546 compertum
683 2474 740 2542 est,
766 2466 894 2528 tabulam
915 2483 978 2526 esse
1000 2465 1161 2527 Marcellini
1185 2465 1300 2545 lapsum
1320 2474 1350 2526 et
1367 2473 1429 2527 acta
1449 2466 1571 2544 synodi

483 2552 680 2622 Sinuessanae,
705 2547 800 2625 qnod,
826 2555 934 2626 prater
957 2554 1084 2623 ceteros,
1111 2548 1170 2608 late
1190 2547 1319 2609 ostendit
1341 2545 1571 2626 Papebroebins

483 2634 513 2692 in
532 2633 635 2692 Cenat.
662 2625 835 2711 Cbronolog.
856 2626 928 2692 liat.
944 2629 978 2691 ia
995 2630 1027 2690 S.
1049 2626 1221 2692 Marcellin.
1243 2627 1317 2691 dieo.
1337 2630 1356 2690 7
1375 2630 1409 2692 ia
1426 2629 1568 2711 Propyl.

483 2710 535 2774 ad.
558 2720 616 2773 oct.
632 2712 686 2771 SS.
709 2709 791 2772 Maii
832 2729 881 2793 oq.
904 2713 945 2772 ta
963 2719 991 2772 et
1005 2728 1066 2794 aeq.
1088 2709 1134 2772 sd.
1157 2712 1246 2772 Anto.
1267 2710 1344 2772 tttad
1367 2711 1398 2771 in
1419 2709 1572 2772 bisontis

483 2813 552 2857 eura
567 2802 596 2855 et
621 2792 775 2855 observatu
819 2793 921 2873 ignum
936 2799 995 2868 est,
1014 2790 1094 2871 quod
1108 2792 1233 2854 dieitura
1260 2818 1274 2847 a
1293 2793 1328 2855 ili
1349 2809 1449 2853 omnes
1470 2789 1571 2855 electi

483 2885 551 2938 sunt
576 2876 632 2935 viri
654 2874 729 2935 libra
752 2874 888 2951 occidua,
911 2874 962 2953 qui
982 2876 1184 2935 testimonium
1208 2875 1382 2953 perbibent3
1404 2899 1418 2928 a
1443 2882 1572 2935 constat

483 2966 580 3020 autem
597 2975 633 3018 ex
655 2955 759 3016 iisdem
782 2956 852 3017 actis
876 2952 957 3018 libre
971 2954 1100 3018 aeddan
1116 2955 1256 3018 vocabulo
1277 2966 1366 3017 testas
1389 2958 1427 3017 72
1439 2954 1573 3035 signiti-

483 3040 554 3101 cari.
577 3043 621 3101 De
642 3033 725 3099 libre
749 3037 868 3098 nomine
889 3056 993 3115 parum
1017 3037 1129 3098 laboro.
1155 3040 1229 3101 Nam
1250 3047 1363 3099 veteres
1387 3036 1570 3100 nominibus

483 3120 648 3203 ponderum
662 3136 801 3179 numeros
819 3116 974 3200 designare
992 3118 1140 3195 solebant,
1162 3118 1242 3198 quod
1260 3138 1323 3199 prae
1339 3118 1442 3181 ceteris
1458 3125 1572 3181 osten-

482 3205 558 3266 dunt
583 3199 666 3265 lebret
690 3208 719 3261 et
746 3198 906 3262 unciarum
929 3200 1068 3263 rambula
1095 3209 1234 3279 usurpata
1265 3202 1304 3263 ad
1335 3198 1571 3282 significandam

484 3286 629 3365 integram
654 3281 952 3362 hereditatemque
971 3282 1126 3344 duodecim
1147 3282 1279 3361 partibus
1301 3290 1423 3345 constat.
1447 3280 1570 3343 biis-nm

484 3366 576 3447 igitur
596 3382 655 3425 non
668 3372 727 3441 est,
744 3365 824 3443 quod
838 3364 869 3425 in
883 3364 954 3425 actis
977 3364 1159 3427 Sinuessanis
1172 3364 1256 3425 libre
1274 3365 1395 3425 nomine
1412 3364 1451 3423 72
1468 3370 1571 3426 tactas

485 3446 702 3524 intelligantur,
723 3446 860 3523 quoniam
880 3446 1078 3509 Valentiniani
1098 3453 1129 3507 et
1146 3446 1277 3507 Valentis
1294 3444 1503 3508 constitutione
1531 3446 1573 3508 a'ae

485 3529 521 3589 t.
539 3529 556 3588 b
571 3523 636 3587 eod.
652 3523 687 3587 de
708 3528 875 3609 Susceptus.
901 3524 951 3590 bb.
974 3531 1014 3590 to
1031 3528 1175 3589 sancitum
1189 3536 1248 3604 est,
1272 3536 1307 3589 nt
1324 3528 1400 3589 libra
1412 3532 1572 3590 constaret

486 3608 586 3671 solidis
606 3610 788 3689 septuaginta
801 3608 928 3671 dnobus.
948 3612 1049 3688 Neque
1069 3608 1178 3688 refert,
1196 3608 1275 3689 quod
1294 3609 1476 3672 Marcellinus
1499 3612 1572 3671 Va-

485 3689 647 3751 lentiniano
665 3698 694 3750 et
709 3690 831 3752 Valente
844 3692 994 3770 antiquior
1008 3691 1115 3767 inarit3
1135 3710 1221 3769 nam,
1242 3699 1276 3754 ut
1295 3692 1456 3752 rectissime
1477 3699 1531 3751 oet
1550 3711 1571 3753 a

487 3772 612 3835 Baronio
626 3768 666 3832 od
689 3790 741 3833 aa.
765 3774 824 3833 502
849 3790 934 3834 anm.
959 3774 998 3834 94
1019 3792 1082 3855 seq.
1103 3780 1173 3835 toas.
1198 3776 1217 3835 5
1240 3793 1274 3854 p.
1296 3775 1356 3835 ato
1381 3769 1450 3835 edit.
1469 3770 1572 3839 tuac

487 3854 690 3927 observatum,
706 3861 768 3915 acta
789 3854 894 3933 synodi
915 3855 1113 3932 Sinuessano,
1136 3856 1233 3935 qualia
1252 3872 1332 3916 nune
1353 3859 1483 3930 essunt,
1514 3872 1572 3915 re-

487 3936 646 3997 centiorem
671 3935 779 3997 babent
804 3943 969 4012 auctorem,
993 3936 1045 4015 qui
1062 3935 1151 3997 verba
1173 3936 1335 3998 secundum
1354 3936 1402 3997 sai
1419 3938 1572 4013 temporis

486 4016 726 4080 consuetudinem
745 4018 908 4097 usurparit.
930 4020 1032 4096 ltaque
1053 4018 1091 4079 de
1111 4014 1194 4081 libros
1216 4020 1337 4082 nomine
1358 4016 1494 4097 expedita
1516 4036 1572 4080 res

487 4108 547 4177 est;
563 4100 687 4179 sednon
709 4100 749 4159 ita
763 4099 848 4160 tacite
861 4098 987 4177 judicari
1003 4108 1114 4179 potest,
1129 4101 1321 4179 quamobrem
1341 4108 1444 4161 auctor
1457 4114 1570 4161 eorum

487 4190 618 4242 actorum
636 4179 711 4240 hanc
726 4178 834 4243 librom
850 4178 1004 4243 occiduam
1021 4201 1038 4242 a
1059 4183 1158 4260 pellet.
1180 4186 1307 4246 loannes
1321 4181 1419 4245 Dartis
1432 4181 1467 4241 ia
1480 4178 1569 4243 decr.

468 4326 470 4330 ,
489 4261 629 4325 Gratiam
649 4279 714 4344 cop.
733 4264 821 4345 iou.
843 4264 861 4323 tt
885 4282 945 4326 non
965 4264 1027 4327 oeci
1045 4283 1137 4344 eom,
1157 4265 1210 4327 sed
1227 4262 1383 4328 occiduam
1400 4263 1570 4347 legendnm
