3575 5625
927 607 1147 679 -252-

550 759 579 860 3.
612 759 674 830 lll.
719 758 805 830 Nam
840 759 977 829 crimina
1018 757 1069 828 vel
1113 783 1201 827 mere
1246 756 1466 848 ecclesiastica,
1507 763 1549 832 rel

500 860 623 947 civilia,
660 856 712 927 rel
747 859 849 926 mixta
890 855 1058 926 dicuntur.
1099 855 1317 927 Ecclesiastica
1362 873 1453 948 sunt,
1488 885 1549 955 que

501 958 623 1027 directe
650 970 764 1028 contra
787 953 891 1026 fidem
922 970 956 1025 et
988 953 1196 1049 religionem,
1229 979 1345 1051 resque
1373 980 1479 1026 omnes
1505 955 1550 1026 di-

501 1056 590 1124 vinas
624 1069 659 1124 et
698 1078 801 1124 sacras
832 1051 1065 1124 admittuntur.
1100 1050 1295 1167 Hujuemodi
1335 1067 1410 1122 sunt
1440 1071 1550 1148 aposta-

500 1156 567 1241 sia,
621 1150 775 1239 haeresis,
824 1149 984 1236 schisma,
1032 1152 1191 1236 simonia,
1237 1149 1417 1262 profanatio
1462 1176 1551 1222 sacra·

501 1265 713 1337 mentorum,
752 1247 866 1318 fractio
907 1203 1000 1342 sigilli
1049 1245 1307 1337 sacramentalis,
1348 1250 1469 1318 omissio
1501 1275 1551 1344 pa·

501 1345 615 1418 sobolis
656 1347 917 1434 communionis,
907 1345 1078 1512 ,aliathe
1117 1360 1296 1442 practerea,
1330 1347 1356 1414 si
1387 1370 1457 1442 quae
1489 1362 1550 1415 sunt

501 1447 628 1540 generis
667 1443 826 1557 ejusdem
868 1443 989 1514 Omnia
1649 1527 1650 1532 ¹

501 1547 558 1616 siae
588 1545 795 1631 coercitioni,
831 1543 897 1612 sire
931 1568 949 1612 a
984 1539 1126 1629 clericis,
1165 1543 1234 1613 sive
1278 1567 1295 1610 a
1330 1539 1415 1610 laicis
1446 1555 1551 1637 patrata
1649 1535 1650 1574 l

503 1641 640 1710 fuerint.

550 1737 586 1836 3
608 1735 670 1807 lv.
718 1735 831 1808 Civilia
870 1750 972 1823 sunt,
1009 1759 1083 1832 quas
1122 1735 1245 1807 directe
1288 1735 1416 1807 laedunt
1446 1732 1551 1805 civilem

502 1833 759 1949 rempublicam,
792 1859 901 1947 neque
927 1833 1052 1932 aliquid
1084 1832 1206 1904 babent
1237 1834 1425 1929 spirituale,
1454 1849 1553 1928 preter

502 1935 646 2004 criminis
671 1935 707 2002 in
735 1931 807 2002 loro
837 1935 968 2002 interno
999 1931 1234 2003 absolutionem
1262 1946 1296 1999 et
1325 1929 1551 2028 poenitentiam,

503 2030 610 2128 qualia
660 2044 738 2098 suut
779 2027 1010 2118 homicidium,
1057 2029 1204 2118 lurtum,
1251 2029 1388 2125 rapina,
1434 2027 1551 2112 salsum,

503 2127 684 2215 calumnia,
722 2141 828 2196 cetera
859 2124 987 2196 similia
1037 2127 1162 2198 Horum
1206 2127 1387 2198 facinorum
1426 2125 1553 2197 coercitio

502 2226 647 2321 pertinet
676 2223 718 2292 ad
748 2223 875 2296 civilem
903 2223 1159 2323 rempublicam,
1203 2249 1305 2320 eaque
1339 2240 1464 2294 tantum
1494 2245 1554 2292 cum

504 2349 522 2391 a
558 2321 680 2393 clericis
715 2321 852 2392 admissa
890 2336 986 2412 sunt,
1024 2337 1161 2420 propter
1188 2325 1264 2420 jus,
1312 2321 1404 2418 quod
1446 2319 1555 2390 ccclesia

503 2417 644 2490 habet
635 2446 671 2489 m
708 2445 882 2516 personas,
917 2417 958 2488 ad
992 2420 1241 2492 ecclesiasticum
1275 2419 1386 2492 lorum
1419 2418 1556 2488 delemu-

504 2534 571 2588 tur
615 2516 683 2587 Nos
718 2516 760 2587 de
803 2515 853 2586 his
894 2517 1085 2589 criminibus
1121 2543 1190 2589 uon
1232 2543 1402 2631 agemus,
1423 2517 1555 2613 quoniam

504 2640 618 2685 eorum
663 2617 811 2687 tractatio
848 2617 981 2712 propria
1016 2632 1064 2686 est
1105 2641 1240 2704 eorum,
1292 2617 1348 2712 qui
1387 2617 1441 2710 J'us
1474 2611 1652 2696 civilis,

505 2711 694 2810 reipublioae
722 2728 979 2808 persequuntur.

554 2807 585 2909 3.
617 2808 660 2879 V.
693 2809 793 2880 Mixto
829 2809 965 2882 demum
1005 2810 1139 2883 crimina
1174 2828 1273 2899 sunt,
1312 2836 1390 2907 quae
1419 2809 1558 2881 simulet

507 2908 697 3003 religionem
747 2908 896 2996 laedunt,
955 2925 987 2979 et
1049 2906 1132 2979 civili
1181 2906 1373 3005 reipublicae
1421 2906 1557 2977 damnum

507 3023 607 3103 atque
652 3008 806 3105 injuriam
853 2961 1012 3079 inierunt.
1056 3006 1129 3077 lluo
1167 3022 1316 3101 spectant
1355 3006 1556 3099 sacrilegium,

507 3106 709 3202 perjurium,
750 3102 950 3217 blasphemia
992 3128 1061 3175 non
1098 3102 1309 3193 baereticalis,
1354 3103 1556 3197 sortilegium,
1652 3146 1653 3157 ι

507 3202 625 3272 delicte
657 3227 813 3315 venerea,
858 3204 982 3275 crimen
1026 3226 1219 3290 usurarum,
1263 3202 1393 3274 similia.
1431 3199 1557 3271 Obnoxia

506 3316 584 3368 sunt
607 3298 681 3370 baec
707 3302 842 3371 crimina
872 3315 946 3370 tum
970 3298 1131 3387 ecclesie,
1159 3315 1231 3369 tum
1262 3298 1363 3371 civilis
1390 3296 1558 3395 reipublice

507 3398 713 3485 coercitioni,
754 3398 912 3493 quoniam
936 3398 1013 3494 jura
1055 3398 1225 3493 utriusque
1257 3395 1380 3469 violant
1418 3414 1451 3468 et
1483 3411 1559 3465 utra·

508 3518 574 3589 que
614 3496 651 3561 in
691 3495 742 3565 bis
780 3494 971 3565 criminibus
1006 3510 1135 3591 partem
1166 3520 1257 3567 sunm
1291 3520 1406 3567 curare
1434 3510 1466 3565 et
1491 3490 1560 3563 tueri

507 3588 618 3660 debet.
653 3590 764 3676 Quare
791 3592 924 3664 ecclesia
965 3616 1078 3689 poenas
1115 3595 1215 3663 sumit
1245 3592 1335 3663 de
1327 3595 1382 3683 ris,
1429 3614 1498 3689 quc
1528 3584 1561 3657 td

508 3680 714 3783 religionem,
754 3690 855 3761 civilis
890 3690 1074 3805 respublica
1112 3688 1205 3761 de''
1185 3716 1246 3779 ns,
1288 3714 1365 3788 quas
1392 3689 1433 3759 ad
1468 3689 1560 3761 laestm

507 3785 681 3859 bominum
721 3792 907 3860 societatem
937 3790 1115 3886 pertinent.
1150 3786 1199 3859 Ita
1230 3812 1307 3859 sane
1336 3788 1407 3861 baec
1443 3786 1562 3857 crimina

507 3886 608 3955 mixta
642 3884 780 3957 dicenda
812 3902 910 3975 sunt,
946 3888 1022 3983 qnia
1053 3884 1192 3957 subsunt
1228 3887 1397 3983 utriusque
1429 3878 1562 3955 animad-

507 3984 665 4071 versioni,
711 4010 779 4057 non
824 3983 916 4097 quod
956 3987 1025 4055 sine
1067 3982 1252 4055 discrimine
1296 3982 1337 4053 ad
1383 3984 1562 4088 alterutrum

507 4081 615 4151 forum
655 4081 773 4152 deferri
807 4084 955 4177 possint,
995 4080 1035 4151 ab
1065 4106 1170 4179 eoque
1204 4098 1398 4170 noscantur,
1430 4081 1480 4149 cui
1503 4074 1562 4173 pri·

507 4200 599 4248 mum
625 4204 676 4251 res
705 4181 810 4252 omnis
846 4182 1013 4250 commissa
1039 4177 1113 4249 luit.
1148 4180 1281 4251 Nam
1257 4204 1282 4248 sr
1317 4194 1445 4249 tantum
1475 4174 1562 4245 alter·

1051 1469 1098 1516 aec
1130 1443 1265 1514 crimina
1299 1442 1435 1512 subsunt
1462 1443 1551 1514 ecclc·
1649 1485 1650 1524 J
