3575 5625
665 667 886 737 -445-

281 816 498 880 Eremodicium
509 815 593 894 qnid.
608 819 650 887 ll,
665 817 716 876 78.

280 903 372 962 Error
383 899 530 977 quomodo
540 899 762 958 matrimonium
772 897 924 976 impediat.
938 901 963 974 l,
980 899 1050 960 547.

279 981 462 1043 buchar-istis
476 979 564 1059 quid,
588 987 617 1040 04
628 979 708 1038 00040
722 978 785 1056 ejus
807 980 939 1040 nomina.
955 983 986 1056 l,
1000 982 1070 1040 404.
1087 978 1157 1057 Ejus
1169 981 1310 1054 materia,

238 1070 269 1123 ct
291 1062 397 1144 dogma
424 1060 768 1122 transsubstantiationis.
795 1062 870 1122 405.
895 1064 970 1123 Usus
993 1061 1088 1140 azymi
1111 1068 1142 1120 et
1162 1061 1311 1124 fermenti.

238 1146 299 1206 405
323 1163 385 1240 sep.
407 1144 508 1220 Qualis
527 1141 713 1204 adhibendos
739 1144 833 1222 panis.
855 1145 933 1214 405,
957 1143 1030 1203 407.
1057 1141 1150 1217 00040
1168 1142 1315 1206 adbibcn-

238 1226 311 1286 dum
333 1243 453 1300 arnum,
476 1233 506 1285 ct
525 1242 578 1285 cur
600 1241 667 1284 cum
695 1241 730 1284 eo
754 1224 873 1302 paulum
896 1242 980 1302 aquae
1000 1225 1205 1285 admisceatur.
1231 1229 1312 1302 405,

237 1308 312 1368 408.
338 1305 530 1368 Eucharistiae
549 1307 661 1382 forms,
688 1314 719 1366 et
741 1305 886 1366 minister.
911 1307 973 1366 409
987 1314 1015 1366 04
1037 1324 1099 1388 seq.
1125 1307 1203 1366 llum
1215 1307 1314 1384 plures

237 1388 402 1449 sacerdotes
429 1386 572 1448 conficere
600 1387 813 1450 Eucharistism
839 1388 963 1466 possint.
994 1385 1066 1448 t'bt'd.
1097 1388 1170 1462 Quis
1200 1389 1316 1450 Encba-

236 1470 330 1530 ristiae
344 1469 520 1531 distributor
538 1468 720 1542 ordinarius,
742 1477 831 1546 atque
851 1478 934 1529 extra
951 1468 1086 1530 ordinem
1112 1469 1162 1528 sit.
1178 1471 1240 1530 450
1250 1490 1313 1554 sep.

240 1552 298 1628 Qui
329 1551 542 1612 Eucharistiam
573 1552 744 1631 suscipiant.
771 1553 829 1611 454
862 1569 923 1632 000.
954 1551 1165 1630 Dispositiones
1191 1551 1250 1613 ritc
1272 1571 1318 1613 su·

236 1632 340 1694 mendi
362 1632 590 1710 Eucharistiam,
607 1635 658 1694 ubi
680 1633 718 1693 de
736 1632 860 1711 jejunio.
884 1633 946 1694 455
973 1651 1034 1715 seq.
1059 1633 1233 1694 communic
1260 1634 1316 1694 sub

238 1721 364 1792 utraque
392 1723 421 1775 et
446 1715 503 1776 sub
522 1734 580 1775 una
606 1721 721 1776 tantum
745 1714 852 1793 specie.
879 1715 941 1775 455
963 1732 1026 1796 seq.
1055 1715 1229 1775 (4000000040
1247 1734 1318 1793 qno·

237 1795 350 1856 tidiana
373 1803 403 1856 et
421 1797 574 1875 paschalis.
600 1794 672 1858 t'bt'd.
689 1795 770 1856 Ordo
790 1802 820 1855 ct
846 1797 923 1856 ritus
937 1794 1088 1855 sumendae
1113 1794 1315 1859 Eucharistiae.

238 1879 300 1938 457
323 1886 351 1938 04
374 1896 436 1961 000.
459 1880 606 1940 viaticum
632 1877 720 1955 quid,
748 1884 777 1937 et
800 1895 816 1936 0
840 1895 899 1955 000
925 1876 1023 1937 detur.
1047 1879 1124 1948 455,
1149 1879 1227 1954 455,
1243 1880 1318 1940 440.

238 1958 401 2021 Necessitas
426 1958 501 2020 illud
516 1959 664 2020 sumendi.
688 1959 761 2019 440.
786 1960 862 2020 Usus
883 1957 1091 2020 conservandae
1113 1959 1316 2022 Eucharistiae.

240 2037 315 2102 ibid.
343 2048 454 2122 etseq.
482 2044 516 2102 ln
541 2040 670 2101 ecclesiis
696 2058 757 2100 non
781 2039 998 2118 parochialibus
1025 2041 1195 2115 conservariv
1215 2043 1319 2120 nequit

238 2117 409 2182 sinereris
430 2121 508 2183 sedis
532 2122 715 2200 apostolica.
739 2123 810 2182 444.
832 2122 1056 2185 Administratio
1073 2121 1264 2184 Eucharistioe
1281 2142 1318 2184 ex

242 2203 491 2281 praeconsecratis.
536 2201 608 2264 ttiat
645 2203 835 2266 Eucharistie
870 2204 1119 2284 circumgesutio,
1158 2206 1316 2282 expositio,

239 2283 348 2344 festum
365 2285 494 2362 corporis
508 2283 628 2346 Christi.
644 2287 707 2345 440
725 2303 787 2367 seq.
804 2285 986 2346 Eucharistia
1001 2303 1105 2346 rerum
1128 2285 1315 2348 sacrificium.

237 2366 302 2425 440
324 2383 385 2448 000.
414 2365 595 2426 Sacrificium
619 2366 717 2428 Missa
738 2375 944 2444 nuncupatur,
971 2367 1061 2445 bnjus
1079 2367 1211 2429 vocabuli
1229 2368 1318 2448 signi·

237 2444 347 2506 4400440.
373 2449 446 2508 445.
476 2447 571 2508 Missa
592 2447 712 2528 liturgia
736 2443 798 2509 ttut
819 2455 848 2509 ct
873 2466 935 2532 seq.
962 2451 1066 2510 Preces
1091 2456 1221 2509 secretae.
1241 2453 1316 2512 449.

240 2526 354 2602 Quibus
386 2527 507 2602 dicbus,
534 2546 593 2608 000
617 2538 751 2608 tempore
781 2546 815 2588 ac
841 2529 906 2592 loco
936 2530 1006 2592 clim
1038 2529 1125 2591 llissa
1153 2531 1318 2592 celebrare-

238 2617 300 2670 tur.
317 2611 372 2670 454
403 2627 464 2692 sep.
490 2613 555 2685 Quo
580 2611 731 2672 idiomate.
761 2611 820 2670 440
841 2619 950 2693 etseq.
978 2611 1064 2673 llissa
1089 2611 1317 2690 primaqusndc

237 2698 269 2752 et
295 2709 312 2750 0
336 2707 394 2769 000
419 2691 548 2770 apostolo
572 2692 726 2752 celebrata.
751 2691 810 2751 655
832 2699 861 2751 04
881 2710 942 2774 seq.
972 2695 1097 2753 Fructus
1120 2701 1150 2753 et
1173 2694 1255 2754 valor
1275 2714 1318 2756 sa·

237 2770 342 2835 crificli
366 2771 470 2834 llissae.
487 2773 548 2833 445
571 2791 632 2857 seq.
652 2774 714 2835 400
736 2790 797 2855 seq.
823 2773 909 2834 llissa
923 2791 977 2853 pro
994 2774 1152 2836 defunctis.
1179 2777 1240 2839 445
1253 2794 1314 2859 sep.

236 2859 297 2917 Pro
315 2862 393 2914 certa
415 2862 445 2914 ct
466 2854 616 2934 designata
641 2872 774 2934 persona.
799 2856 861 2915 460
885 2855 1317 2937 scp.P1nresunodiellissse

236 2956 254 2997 a
280 2934 441 2996 sacerdote.
467 2936 539 2997 455.
570 2938 657 2999 Missa
680 2934 1019 3017 Proecccett'ficatomm.
1048 2938 1121 2998 450.
1148 2939 1234 2999 Missa
1260 2958 1317 3017 pn-

236 3017 313 3079 blica
347 3024 377 3078 et
412 3018 541 3096 privato,
579 3016 793 3092 conventualis,
833 3019 989 3094 canoniea,
1026 3018 1088 3077 sive
1124 3019 1314 3098 paroehialis,

237 3100 300 3161 455
324 3107 352 3160 04
376 3116 437 3181 sep.
464 3099 599 3161 solitaria
627 3117 704 3177 qum.
733 3100 806 3158 456.
830 3098 927 3159 llissoe
950 3097 1126 3159 sacrificium
1147 3100 1212 3161 sine
1232 3102 1317 3164 venia

236 3180 501 3258 sedisapostolicae
523 3180 553 3239 in
579 3180 693 3260 privato
713 3179 841 3241 oratorio
856 3179 998 3241 celebrari
1013 3182 1126 3259 nequit.
1142 3183 1220 3259 457,
1242 3184 1314 3244 055.

235 3262 353 3338 Quibus
377 3260 481 3323 diebus
506 3261 608 3323 fideles
636 3262 731 3323 Missae
756 3260 899 3323 sacrificio
923 3263 1064 3323 interesse
1092 3261 1211 3323 debent.
1240 3266 1312 3327 458.

231 3345 331 3407 Missas
371 3341 580 3420 honorarium,
614 3344 736 3422 ejusque
775 3345 874 3425 origo,
911 3351 941 3405 et
975 3344 1105 3423 antique
1140 3344 1312 3410 oblationes.

234 3427 299 3487 458
311 3432 337 3484 04
347 3442 408 3507 sep.
426 3427 496 3486 744.
512 3425 599 3486 llissa
613 3426 903 3487 catechumenorum.
918 3428 990 3488 408.

279 3511 407 3568 Examen
421 3506 600 3567 ordinationi
615 3508 866 3585 praemittendum.
884 3511 911 3584 4,
927 3510 999 3571 050.

278 3588 466 3649 Examinatcr
477 3588 640 3666 synodalis,
658 3597 687 3649 et
702 3588 764 3667 ejus
774 3590 930 3668 judicium.
948 3594 973 3667 l,
992 3591 1047 3651 504
1062 3608 1123 3673 000.

279 3671 417 3747 Exceptio
441 3669 533 3748 qnid,
550 3678 580 3730 ct
600 3671 770 3749 quotuplex.
801 3674 844 3747 ll,
862 3673 931 3732 447.
949 3672 1098 3733 444404004ιο
1109 3676 1311 3753 exceptiones,

234 3769 398 3828 carumque
421 3750 544 3834 divisio.
566 3753 636 3812 448.
663 3754 735 3827 Quas
758 3760 902 3831 actorem,
924 3772 991 3831 0000
1014 3772 1148 3830 causam,
1177 3774 1244 3833 qnae
1261 3756 1313 3833 ju-

233 3833 347 3909 dicem,
378 3852 444 3912 quae
469 3842 689 3911 procuratorem
712 3835 880 3913 respiciant.
908 3832 982 3896 uid.
1010 3853 1072 3917 seq.
1102 3839 1312 3915 peremptoria

234 3921 267 3975 et
291 3932 392 3976 earum
418 3914 536 3975 divisio.
572 3912 643 3976 ibid.
668 3916 792 3992 Quando
811 3916 1031 3995 peremptorie,
1058 3923 1088 3976 et
1105 3916 1223 3993 qnando
1241 3916 1312 3976 dila·

233 3996 320 4056 toriae
345 3996 529 4074 exceptiones
558 3997 766 4075 proponendae.
799 3994 870 4057 itta.
902 3998 968 4059 For-i
999 3997 1228 4076 praescriptionis
1257 4014 1311 4055 er-

232 4078 329 4155 ceptio
354 4086 474 4156 quae'et
497 4078 615 4155 quando
640 4077 824 4157 opponenda.
853 4080 922 4139 400.
950 4076 1075 4153 Quando
1095 4077 1226 4153 exceptio
1251 4095 1309 4139 ma·

228 4161 304 4238 j0ris
317 4159 634 4219 excommunicationis.
660 4161 730 4220 405.
747 4164 786 4221 440
802 4167 870 4219 ante
883 4176 999 4218 causam
1014 4156 1217 4235 expendenda.
1237 4160 1307 4220 406.

234 4242 374 4319 Exceptio
397 4241 467 4302 doli.
485 4242 554 4302 447.
573 4241 757 4320 Exceptionis
771 4240 901 4301 effectos.
920 4240 990 4300 405.
1012 4238 1065 4301 Cui
1087 4237 1310 4317 0005000000-
