3575 5625
887 593 1108 664 -taa-

460 744 576 819 eodem
610 742 702 832 foro,
749 743 884 812 vicissim
925 739 1113 830 tractanda,
1157 753 1257 836 atque
1305 737 1418 808 eadem
1455 763 1542 809 sen-
1667 755 1668 832 ζ

460 846 562 914 tentia
588 857 726 937 utraque
755 838 946 909 definienda
982 854 1032 909 est
1054 837 1129 934 (2),
1160 838 1186 906 si
1217 861 1276 934 per
1304 835 1441 906 modum
1473 861 1543 907 aar·
1667 839 1668 892 Ῑ

459 944 627 1037 ceptiam’a
646 942 911 1034 pmmptoriae,
940 936 994 1006 illa
1018 932 1202 1006 adhibenda
1230 935 1312 1004 ratio
1339 949 1407 1023 est,
1435 957 1543 1030 quam

461 1039 496 1104 in
534 1035 584 1106 his
625 1034 869 1131 exceptionibus
907 1032 1138 1128 cognoscendis
1174 1029 1409 1104 observandam
1447 1055 1540 1118 etse,

462 1135 619 1230 superiori
653 1132 725 1204 loco
755 1130 1060 1203 demonstravimus.
1158 1175 1165 1190 ·

502 1277 666 1374 (.¹).¹‘·.55
690 1279 725 1362 ff.
747 1277 783 1341 de
810 1277 937 1362 acquir.
960 1285 990 1340 et
1015 1277 1115 1340 amitt.
1137 1293 1282 1360 possaaa.‚·
1301 1277 1333 1338 L.
1356 1276 1395 1336 15
1419 1271 1482 1336 cod.
1502 1271 1544 1334 de

462 1360 642 1524 Riai‘i‘iil
655 1445 674 1504 n
687 1440 723 1504 ae
736 1439 966 1524 cautoque.

512 1569 544 1670 §.
584 1570 625 1641 V.
664 1569 700 1642 Si
738 1570 845 1642 civiles
882 1585 917 1640 et
951 1568 1133 1640 criminales
1174 1591 1281 1640 caussa
1319 1581 1540 1654 concurrant,

464 1667 732 1764 distinguendum
768 1685 817 1739 est
854 1684 968 1739 utrum
1007 1663 1107 1737 alter'a
1146 1665 1373 1764 praejudicialis
1404 1665 1465 1752 sit,
1496 1690 1551 1733 an

463 1782 567 1838 semet
606 1769 744 1838 invicem
781 1790 850 1836 non
889 1768 1064 1860 attingant.
1112 1762 1148 1835 si
1185 1789 1278 1834 causa
1311 1759 1542 1859 praejudicialis

463 1866 525 1954 sit,
552 1867 758 1960 caprimum
789 1863 1013 1957 cognoscenda
1042 1877 1111 1953 est,
1141 1863 1209 1932 sive
1237 1859 1336 1932 civilis
1365 1860 1440 1956 (i),
1473 1861 1543 1929 sire
1667 1933 1668 1954 ,

463 1963 638 2032 criminalis
671 1964 712 2030 sit
749 1960 817 2056 (1).
849 1958 885 2029 Si
919 1959 1019 2030 altera
1047 1985 1139 2030 causa
1171 1957 1305 2030 alteram
1339 1981 1408 2028 non
1436 1957 1544 2026 attin-

464 2073 539 2151 gat,
580 2083 688 2153 neque
718 2057 760 2126 ab
795 2081 833 2126 ea
865 2056 1028 2152 pendeat,
1062 2055 1260 2145 criminalis,
1299 2079 1376 2152 quae
1409 2054 1542 2153 majoris
1667 2059 1668 2088 ³

463 2171 512 2225 est
535 2156 716 2242 momenti,
751 2170 828 2224 ante
853 2153 980 2224 civilem
1004 2153 1192 2226 definienda
1220 2169 1269 2225 est
1295 2151 1362 2250 (5).
1667 2167 1668 2176 ’

505 2323 548 2405 (1)
569 2325 605 2385 L.
632 2327 667 2395 5.
689 2327 722 2402 a,
753 2326 773 2385 a
798 2322 862 2387 cod.
885 2323 922 2386 da
945 2323 1052 2387 Ordia.
1074 2324 1181 2408 coquit.
1202 2327 1298 2404 Atque
1312 2322 1543 2385 hucreierenda

464 2415 508 2467 eat
526 2407 562 2468 L.
582 2403 681 2467 aad.
698 2403 734 2467 da
749 2404 823 2468 Ord.
833 2405 952 2488 judic,
971 2407 1022 2468 ubi
1042 2407 1248 2471 Constantinus
1269 2407 1366 2484 inquit
1382 2423 1460 2486 supe
1476 2422 1545 2465 cau·

463 2505 524 2548 sam
542 2488 657 2548 civilem
680 2487 852 2563 intermitti,
873 2507 909 2549 ex
926 2505 985 2568 quo
1003 2497 1099 2568 patet,
1121 2489 1271 2550 interdum
1290 2486 1405 2548 civilem
1423 2504 1542 2546 causam

463 2569 545 2649 prius
567 2587 631 2629 esse
648 2569 893 2649 cognoscendam,
921 2569 946 2630 si
971 2587 1056 2632 causa
1080 2570 1240 2632 criminalis
1264 2569 1334 2630 inde
1362 2567 1540 2648 dependeat,

465 2667 524 2730 quo
535 2657 645 2729 spectat
656 2650 693 2710 L.
711 2653 724 2710 1
743 2648 808 2712 cod.
821 2648 894 2712 dea
941 2648 1024 2714 citat.

504 2729 536 2813 (i
569 2733 605 2792 L.
619 2734 659 2794 11
674 2729 738 2792 cod.
755 2729 792 2793 de
809 2733 916 2794 Taat'.

504 2814 534 2894 (5
567 2814 602 2875 id
619 2813 741 2893 quidem
764 2815 927 2897 generatim
947 2822 991 2876 est
1014 2833 1134 2893 acrum,
1156 2833 1223 2876 cum
1248 2831 1364 2893 semper
1379 2811 1542 2877 criminalis

463 2895 585 2974 quaestio
595 2896 713 2975 gravior
732 2895 887 2958 habeatur.
905 2896 963 2959 Sed
984 2897 1135 2959 interdum
1146 2896 1238 2975 judex
1253 2903 1409 2975 utramque
1422 2914 1559 2958 causam.

464 2984 494 3037 et
514 2976 630 3037 civilem
651 2985 682 3037 ct
704 2978 886 3038 criminalem
902 2995 961 3039 uno
982 2978 1094 3056 judicio
1120 2978 1257 3055 absolvit,
1285 2996 1350 3038 cum
1372 2978 1483 3039 scilicet
1497 2996 1542 3039 ac·

463 3066 511 3118 tor
529 3060 721 3137 questionem
744 3067 902 3138 utramque
919 3060 1070 3139 proposuit
1085 3060 1120 3120 L.
1138 3059 1199 3203 ip.
1219 3062 1239 3121 1
1256 3056 1292 3201 p.
1313 3058 1382 3119 Fiat.
1409 3058 1539 3143 reputed.

465 3139 500 3201 L.
517 3144 531 3202 1
549 3139 583 3222 ff.
602 3139 639 3203 de
660 3138 861 3237 Publ.judic.
884 3141 919 3202 L.
947 3139 1052 3202 Leod.
1074 3139 1110 3202 da
1126 3144 1169 3203 Or

1191 3184 1198 3200 .
1215 3140 1256 3223 ju.
1279 3141 1314 3202 ic.
1338 3140 1375 3201 L.
1400 3161 1456 3203 un.
1472 3139 1538 3203 cod.
1667 3164 1668 3221 ᾗ

466 3221 589 3298 Quoad.
605 3222 660 3284 cio.
676 3231 736 3283 act.
750 3222 868 3284 onmia.
885 3220 1018 3305 proejud.
1037 3222 1122 3297 Quod
1141 3223 1165 3283 si
1184 3223 1258 3283 actio
1273 3223 1433 3283 criminalis
1449 3222 1540 3305 prin·
1667 3282 1668 3309 ,

464 3300 603 3382 cipaliter
618 3312 661 3364 est
682 3305 830 3382 proposita
847 3312 878 3363 at
897 3321 965 3363 reus
985 3304 1098 3365 civilem
1118 3305 1307 3383 questionem
1334 3312 1448 3381 movet,
1474 3305 1541 3383 pri·
1667 3318 1668 3387 q

462 3401 546 3441 mum
566 3384 632 3456 illa,
659 3391 808 3462 tamquam
826 3385 958 3461 gravior,
977 3386 1122 3447 noscenda
1138 3393 1182 3446 est
1195 3387 1231 3447 L.
1251 3388 1268 3447 5
1287 3383 1314 3466 S.
1332 3388 1345 3447 1
1361 3384 1396 3469 ff.
1413 3383 1453 3447 ad
1465 3386 1538 3467 Lep·
1667 3388 1668 3453 1

465 3458 532 3521 Jut.
544 3460 580 3521 de
592 3462 625 3522 oi
633 3460 738 3543 publ.,·
754 3466 787 3526 L.
810 3466 849 3524 55
863 3462 929 3525 cod.
946 3464 996 3526 ad.
1014 3468 1051 3526 L.
1068 3464 1135 3528 1111.
1156 3466 1191 3529 da
1205 3464 1333 3529 adura.
1350 3468 1435 3543 Quod
1449 3468 1540 3529 etiam

464 3542 623 3603 dicendum
633 3542 765 3623 videtur,
780 3545 804 3604 si
818 3546 941 3622 questio
957 3546 1050 3609 civilis
1065 3548 1197 3609 instituta
1210 3550 1263 3625 sit,
1280 3566 1313 3609 ac
1329 3566 1397 3609 rens
1410 3556 1540 3610 actorem
1667 3572 1668 3623 t

464 3624 596 3685 criminis
610 3626 801 3703 accusaverit;
818 3644 885 3686 nam
898 3646 982 3689 causa
997 3628 1074 3689 civili
1089 3630 1202 3691 tamdiu
1216 3628 1467 3709 supersedendum
1481 3638 1538 3706 est,

463 3704 604 3783 quamdiu
627 3705 787 3767 criminalis
802 3706 934 3770 absoluta
958 3710 1101 3773 fueriti..
1126 3714 1146 3773 1
1170 3710 1236 3773 cod.
1254 3710 1290 3773 da
1313 3710 1420 3773 Ordin.
1437 3709 1537 3794 judic.

514 3832 547 3933 §.
590 3834 648 3905 vl.
682 3833 812 3909 Sedet
843 3843 991 3936 exceptio
1020 3842 1116 3936 spolii
1148 3841 1212 3915 hoc
1244 3845 1446 3939 praecipuum
1477 3841 1540 3912 ha-

464 3933 541 4023 bet,
571 3948 609 4002 ut
639 3958 676 4003 ea
708 3937 748 4004 sit
774 3936 1010 4033 expendenda,
1043 3955 1218 4036 antequam
1256 3942 1422 4037 proposita
1455 3941 1540 4011 actio
1667 3940 1668 3955 ¹

465 4045 677 4127 cognoscatur
705 4030 775 4127 (1).
805 4034 863 4104 Eat
893 4048 1003 4105 autem
1036 4036 1175 4133 spolium
1209 4036 1333 4109 facinus
1364 4035 1541 4132 indignum
1667 4116 1668 4131 ,

466 4143 500 4199 et
523 4131 696 4227 iniquum,
724 4154 791 4228 quo
814 4132 887 4227 quis
913 4157 951 4203 ex
977 4134 1024 4205 rei
1043 4158 1109 4205 suae
1136 4137 1347 4232 possessione,
1371 4135 1422 4207 rel
1447 4137 1540 4231 qnasi
1667 4136 1668 4147 ’
