3575 5625
713 626 932 709 -tst-

324 776 368 857 (l)
389 776 496 840 Confer
512 776 696 837 fleinoccium
716 750 799 837 alem:
821 780 893 838 Jur.
913 784 1016 838 notar.
1032 784 1061 837 at
1076 786 1157 859 peut.
1185 775 1234 839 lib.
1255 782 1316 841 tc.
1332 782 1353 840 8
1372 804 1376 809 ’
1423 782 1426 789 '

278 858 310 939 3.
330 862 432 921 raon
459 860 514 920 tsi
531 867 560 919 st
580 877 647 941 cup.
670 861 689 919 t
711 856 738 939 3.
762 859 821 919 toa
842 875 911 941 opp.
934 867 1004 919 tom.
1031 861 1140 943 δρας.
1163 862 1223 923 tta
1240 870 1269 922 et
1293 864 1354 924 tto

278 940 356 1003 adit.
375 942 474 1023 Naup.
489 940 540 1002 cit.

335 1095 365 1195 ς.
410 1096 525 1168 XXX.
574 1096 666 1167 lnter
704 1096 956 1195 appellationes,
1005 1077 1100 1193 quae*
1132 1123 1171 1167 ex
1218 1100 1355 1171 Oriente

278 1220 426 1293 qumque
461 1220 499 1265 ex
535 1192 714 1267 Occidente
747 1194 787 1265 ad
822 1220 988 1267 summum
1020 1182 1216 1267 Pontificem
1250 1199 1354 1298 inter-

278 1309 476 1389 ponuntur,
513 1290 575 1365 hoe
610 1292 781 1365 discrimen
816 1309 882 1383 est,
922 1292 1010 1391 quod
1042 1291 1127 1384 illas,
1164 1320 1240 1365 cum
1281 1321 1358 1389 gra-

278 1390 390 1461 datim
414 1388 520 1479 fiunt,
552 1390 714 1489 judicium
742 1391 909 1487 postulant
943 1390 1218 1489 patriarcharum,
1259 1409 1356 1465 ante-

279 1514 388 1586 quam
413 1486 534 1585 Capitis
563 1506 598 1559 et
631 1490 782 1564 Primatia
808 1490 971 1588 judicium
1004 1490 1161 1581 subemt3
1192 1489 1249 1564 he
1278 1516 1354 1564 vero

278 1614 301 1656 a
326 1584 542 1687 metropolitis
571 1591 679 1659 statim
707 1587 748 1659 ad
777 1588 867 1659 huno
901 1588 1078 1659 Primatem
1104 1608 1138 1660 et
1165 1587 1272 1687 Caput
1300 1588 1356 1661 de·

278 1682 448 1756 feruntur.
481 1684 547 1756 Sed
580 1701 720 1785 utroque
757 1686 829 1759 loco
869 1686 993 1757 Primos
1021 1702 1089 1777 est,
1121 1690 1177 1785 qui
1209 1686 1356 1785 appella·

280 1800 342 1853 tur
365 1799 399 1854 et
432 1787 489 1882 qui
511 1782 650 1953 pudicat.
688 1783 725 1857 Si
758 1783 839 1883 quid
867 1782 1018 1857 Pontifex
1052 1802 1162 1883 ageret
1191 1812 1354 1859 annexum
1425 1820 1429 1826 ·
1487 1872 1491 1883 Ι

279 1881 345 1953 soli
374 1884 512 1979 patrimo
535 1885 624 1971 atui,
668 1908 734 1957 uon
773 1884 957 1973 Primatui,
1004 1880 1039 1953 id
1081 1883 1216 1980 quidem
1247 1884 1357 1979 ageret

281 1996 455 2077 tamquam
504 1980 704 2077 patriarcha,
755 2006 823 2055 non
867 1997 1035 2079 tamquam
1093 1982 1245 2070 Primua3
1297 1982 1356 2054 sed

282 2104 362 2149 eum
391 2082 458 2177 ipse
489 2079 605 2151 habeat
638 2082 693 2179 jus
728 2078 983 2177 appellationum
1013 2105 1053 2150 ex
1090 2080 1255 2169 Primatu,
1284 2106 1354 2153 non

281 2202 326 2245 ex
371 2178 608 2273 patriarchatu,
652 2204 780 2276 semper
823 2193 991 2275 tamquam
1042 2177 1165 2257 Primae
1205 2177 1354 2276 appella-

281 2276 389 2347 tiones
406 2279 541 2373 recipit,
572 2302 779 2375 quocumque
794 2302 832 2347 ex
864 2276 936 2349 looo
962 2276 1174 2373 procedant.'

334 2395 365 2496 S.
401 2398 534 2471 XXXI.
568 2398 665 2483 Quod
713 2402 739 2470 si
782 2402 837 2500 jus
881 2397 1137 2496 appellationum
1173 2402 1277 2470 uritur
1313 2426 1354 2471 erc

279 2512 444 2591 potestate
484 2514 519 2568 et
554 2498 804 2597 jurisdictione,
846 2523 922 2595 quae
958 2502 992 2568 in
1038 2496 1183 2567 Primatu
1227 2500 1349 2590 lueret,

284 2617 484 2691 consequens
532 2614 599 2687 eat,
643 2612 681 2667 ut
724 2595 891 2685 Pontifex,
924 2622 1000 2667 oum
1040 2620 1080 2665 ex
1116 2621 1153 2667 ea
1194 2604 1352 2692 potestate

281 2708 324 2762 et
349 2693 570 2790 jurisdictione
597 2694 827 2793 appellationes
859 2696 995 2792 recipit,
1026 2696 1128 2791 possit
1156 2720 1215 2766 suo
1243 2694 1352 2765 lubitu

278 2788 337 2861 rel
371 2817 478 2865 causas
511 2796 579 2892 ipse
614 2819 827 2889 cognoscere,
864 2792 915 2866 rel
944 2791 1073 2891 judices
1096 2794 1169 2888 ¹qui
1202 2820 1255 2864 eus
1292 2819 1351 2866 co-

277 2907 461 2983 gnoscant,
503 2896 698 2966 constituere
742 2895 775 2961 in
824 2891 897 2965 loco
934 2891 1024 2963 unde
1066 2890 1259 2987 appellatur.
1303 2892 1354 2983 lta

276 2992 321 3058 in
345 2989 429 3060 cirili
463 2991 628 3089 republica
668 2989 861 3060 alterutrum
894 2990 969 3061 fucit
1026 2991 1152 3086 rinceps
1194 2989 1352 3058 arbitratu

275 3109 370 3174 suo;
402 3091 555 3185 quoniam
590 3091 646 3188 jus
682 3087 936 3186 appellationum
970 3015 1113 3158 atlhaeret
1151 3089 1186 3155 in
1225 3112 1351 3156 summa

275 3199 461 3281 potestate,
490 3213 563 3260 cnm
598 3214 661 3285 qua
693 3185 878 3284 reipublicae
910 3186 1099 3282 praepositus
1128 3199 1188 3254 est.
1224 3183 1351 3256 Alicubi

276 3281 419 3379 quidem
450 3285 502 3356 lex
535 3285 698 3375 ecclesiae,
735 3301 791 3356 aut
826 3281 1028 3356 consuetudo
1059 3297 1165 3378 potest
1197 3282 1348 3373 efficere,

276 3398 326 3452 ut
354 3407 414 3478 pro
438 3399 488 3456 ter
526 3384 671 3458 locorum
704 3381 997 3480 longinquitatem,
1028 3378 1257 3454 difficultatem
1294 3408 1350 3454 re·

275 3503 378 3566 rum,
433 3484 515 3552 'aare
548 3507 656 3554 causas
679 3481 856 3580 ejusmodi,
896 3480 1016 3552 dentur
1047 3478 1173 3579 judices
1200 3482 1235 3549 in
1269 3505 1350 3578 pro·

273 3579 410 3666 vincia,
440 3579 529 3652 unde
555 3578 728 3678 appellatio
765 3581 952 3677 interposita
984 3594 1051 3666 est3
1088 3604 1199 3648 rerum
1242 3604 1350 3676 neque

274 3675 424 3750 eeclesia
457 3679 527 3770 lex,
567 3702 674 3776 neque
705 3678 906 3750 consuetudo
932 3680 1038 3775 potuit
1071 3679 1196 3774 eripere
1216 3701 1349 3748 summo

275 3774 437 3848 Pontifici
460 3793 658 3946 potestatam
687 3792 721 3848 et
739 3775 1019 3874 jurisdictionem,
1049 3801 1149 3873 quum
1176 3771 1195 3844 a
1222 3773 1350 3846 Christo

281 3875 412 3970 accepit
442 3875 456 3971 (
483 3875 511 3972 ).

324 4046 367 4129 (l)
388 4051 463 4111 Sanc
485 4049 610 4110 maxima
634 4067 701 4129 pars
721 4048 964 4128 appellationum,
985 4065 1057 4126 quas
1079 4043 1346 4125 supratonsus,
1406 4108 1410 4117 ,

273 4132 432 4212 pertimet
444 4130 482 4191 ad
499 4130 623 4209 judicia,
642 4150 708 4210 que
725 4151 741 4192 a
758 4149 873 4192 summo
894 4129 1035 4191 Pontitioc
1057 4132 1157 4190 Rome
1171 4135 1234 4186 acta
1255 4133 1347 4201 sunt,
1447 4168 1450 4178 .

274 4223 312 4274 et
330 4213 557 4276 sardicensibus
579 4214 755 4293 moenibus,
779 4214 821 4275 uti
836 4213 952 4274 ostendi
973 4212 1036 4274 loco
1049 4208 1209 4289 superiori,
1239 4207 1348 4268 diserte
