3575 5625
935 650 1154 720 -144-

547 799 589 880 (2)
612 800 685 860 Hinc
699 798 808 859 Tranio
822 797 903 876 apud
914 798 1051 858 Plautum
1064 797 1097 858 io
1109 793 1237 858 Mostell.
1256 802 1317 856 oct.
1332 795 1349 856 t
1363 811 1450 856 66666
1467 794 1481 856 l
1498 810 1573 856 vers.

508 884 547 943 66
560 889 631 942 tom.
648 883 662 942 l
677 899 751 961 pap.
766 881 820 940 stt
835 876 906 940 edit.
922 876 1063 962 Lupdun.
1079 881 1191 940 Batou.
1206 879 1297 939 6669.

859 1007 940 1059 Nimio
960 1007 1016 1075 plus
1032 1007 1102 1076 sepio
1129 1007 1227 1058 sedens.

560 1117 590 1196 ὅ)
614 1117 686 1197 Cap.
700 1119 718 1176 tt
732 1113 768 1176 dc
780 1117 900 1179 Scotto.
917 1125 945 1177 ct
955 1133 987 1209 rc
995 1113 1098 1210 judic.
1114 1114 1148 1176 in
1162 1117 1193 1175 6.

549 1197 593 1358 tt
613 1194 1172 1361 {fituttsttuttu

554 1407 585 1508 §.
615 1407 674 1478 Vl.
704 1408 831 1479 Deinde
859 1432 936 1480 vero
961 1409 1123 1479 sententio
1148 1404 1281 1478 serenda
1305 1422 1354 1476 est
1378 1406 1575 1500 inscripto,

472 1521 479 1526 '
506 1519 541 1574 et
566 1529 642 1600 quae
669 1507 738 1576 sine
769 1509 891 1602 scripto
927 1507 993 1578 latu
1021 1520 1094 1594 est,
1126 1529 1168 1576 ne
1199 1527 1321 1574 nomen
1348 1501 1483 1601 quidem
1512 1527 1578 1572 sen·

506 1605 619 1672 tentiae
649 1619 795 1674 meretur
820 1603 888 1700 (l)
922 1603 1007 1676 Num
1038 1625 1124 1699 saepe
1157 1599 1254 1672 rerba
1284 1624 1340 1672 ore
1368 1601 1577 1697 pronuntiata

507 1701 611 1770 menti
638 1699 803 1789 illudunt,
837 1726 908 1772 non
938 1705 1016 1773 item
1048 1725 1106 1789 co,
1146 1723 1220 1796 quae
1246 1697 1361 1769 litteris
1393 1698 1577 1790 consignata

505 1812 604 1884 sunt;
637 1797 854 1893 periculosum
888 1814 939 1869 est
973 1813 1082 1870 eutem
1115 1799 1151 1868 in
1186 1794 1381 1892 proferenda
1419 1794 1575 1864 sententio

501 1893 650 1990 judicem
686 1894 772 1984 lubi,
809 1897 966 1990 quoniam
997 1897 1193 1967 sententiam
1231 1891 1330 1963 semel
1369 1891 1470 1962 lotum
1504 1915 1578 1960 mu-

505 2005 595 2079 tore,
618 2005 676 2060 out
702 1990 878 2062 emendare
914 2018 983 2064 non
1016 2006 1135 2088 potest.
1165 1991 1250 2061 llinc
1276 1988 1399 2087 judex,
1436 1986 1577 2081 diligenti

507 2088 654 2178 primum
704 2086 746 2157 de
793 2088 924 2182 negotio
974 2087 1208 2160 deliberatione
1262 2104 1295 2158 et
1345 2083 1578 2158 consultatione

504 2181 638 2272 habita,
676 2187 872 2255 sententiam
919 2188 1062 2282 concipit
1105 2199 1362 2281 conceptumque
1411 2184 1449 2252 in
1486 2181 1577 2251 libel·

507 2278 597 2368 lum,
626 2282 692 2352 sire
726 2281 857 2354 brevem
889 2282 1035 2356 chartam
1068 2282 1189 2354 referre
1214 2282 1312 2353 debet
1347 2279 1416 2376 (ἢ).
1450 2277 1516 2350 Sed
1545 2280 1576 2346 in

507 2379 609 2447 censis
644 2377 864 2469 brevioribus,
893 2396 929 2451 et
960 2382 1100 2452 maxime
1130 2381 1242 2450 vilium
1274 2401 1490 2475 personarum
1527 2399 1577 2446 ne

507 2477 639 2546 cessaria
669 2500 738 2547 non
775 2492 825 2548 est
862 2481 1021 2574 scripturn
1051 2478 1127 2573 (5),
1169 2502 1245 2573 quae
1287 2477 1385 2548 etium
1421 2475 1577 2545 omittitur

507 2575 543 2640 in
573 2573 927 2670 interloquutionibns,
967 2601 1048 2673 quas
1079 2574 1184 2672 judici
1221 2599 1277 2646 ore
1309 2571 1457 2671 prolerre
1489 2570 1575 2656 licet,

507 2668 584 2740 inde
624 2695 698 2741 vero
736 2675 881 2743 notorius
912 2676 1033 2770 scripto
1067 2671 1214 2744 mundat.

549 2815 591 2897 (t)
612 2820 645 2879 L.
672 2815 776 2880 5666.
803 2818 840 2881 de
861 2822 981 2882 666666.
1011 2840 1048 2881 eo
1106 2820 1159 2881 ric.
1187 2818 1288 2894 rccit.,·
1313 2836 1382 2878 666.
1408 2818 1428 2878 7
1458 2814 1576 2878 couci

507 2902 591 2980 quel
604 2917 692 2981 ,·cop.
710 2898 775 2961 666
790 2904 909 2962 866666.
923 2910 952 2963 66
966 2920 998 2963 rc
1011 2902 1052 2984 ju
1073 2902 1111 2962 ic.
1128 2902 1161 2962 in
1174 2903 1205 2962 6.

548 2977 591 3141 ξῖζ
612 2984 645 3041 L.
658 2984 677 3040 ⁶2
689 2979 753 3042 cod.
767 2981 802 3044 de
817 2985 937 3043 Sentcn.
955 3002 991 3043 66
1003 2983 1096 3065 peric.
1112 2982 1196 3044 rccit.

561 3062 578 3119 5
611 3059 706 3123 Autlt.
730 3062 793 3125 6666·
811 3062 909 3125 breves
934 3062 998 3125 cod.
1026 3061 1106 3139 eod,
1131 3064 1182 3124 ubi
1197 3065 1285 3126 etiarn
1308 3063 1462 3139 scripturn
1485 3075 1575 3120 66666·

508 3140 594 3202 sitnte
608 3143 733 3205 solvitur
745 3146 888 3207 sententia
904 3144 1047 3225 episcopi,
1074 3146 1126 3223 qui
1148 3146 1226 3207 inter
1247 3163 1314 3208 suns
1337 3140 1472 3205 subditos
1487 3154 1575 3201 causus

507 3225 669 3300 cognoscit,
693 3227 774 3303 quod
800 3228 903 3289 retulit
927 3228 1091 3321 Gratianus·
1108 3227 1139 3287 in
1163 3227 1315 3289 decretum
1340 3241 1428 3287 suum
1451 3241 1517 3284 con.
1540 3220 1573 3312 65

506 3303 1483 3471 66·6666666666666.666666
1495 3319 1575 3444 stt

508 3462 596 3523 etium
612 3466 738 3545 episcopi
759 3468 837 3529 inter
853 3488 921 3531 suos
940 3469 1073 3531 subditos
1090 3469 1248 3549 judicantis
1272 3468 1417 3530 sententio
1431 3468 1463 3527 in
1477 3464 1574 3541 scripto

507 3542 629 3605 serendo
648 3555 703 3607 est.
725 3550 857 3627 cujacius
875 3548 917 3611 od
935 3570 1002 3634 cup.
1020 3554 1060 3612 ts
1082 3550 1118 3613 de
1134 3550 1241 3614 Testib.
1261 3569 1331 3634 opp.
1350 3558 1372 3610 t.
1399 3549 1417 3609 6
1443 3544 1497 3610 col.
1521 3543 1574 3605 stt

505 3622 552 3685 cd.
573 3625 624 3685 cit.
645 3627 711 3688 ideo
725 3638 790 3691 tum
806 3632 954 3712 episcopo,
974 3642 1039 3694 turn
1063 3642 1182 3694 6666666
1204 3634 1272 3695 sede
1296 3630 1429 3711 capitulo
1453 3625 1573 3689 deliniti·

507 3723 574 3764 vam
591 3709 766 3771 sententium
784 3730 820 3774 ex
833 3732 893 3774 nou
907 3716 1016 3794 scripto
1035 3714 1114 3774 forre
1130 3713 1220 3775 licere
1236 3714 1411 3787 arbitratur,
1426 3708 1507 3791 quod
1523 3707 1575 3769 sint

507 3785 635 3848 illustres
653 3788 777 3869 ‘udices,
793 3794 843 3871 qni
859 3795 923 3873 ejus
942 3796 1135 3857 solemnitatis
1154 3796 1324 3857 necessitate
1349 3793 1438 3855 soluti
1459 3796 1526 3853 sunt
1546 3787 1574 3847 in

508 3869 541 3929 L.
562 3870 581 3928 2
604 3886 619 3929 c
661 3868 725 3931 .dc
739 3882 850 3934 666666.
876 3894 913 3936 66
924 3877 1017 3957 peric.
1044 3875 1127 3937 rccit.
1145 3880 1258 3939 Verum
1276 3877 1308 3937 in
1329 3894 1362 3935 66
1380 3874 1446 3954 lege
1468 3872 1500 3933 id
1516 3878 1574 3929 ton·

507 3958 572 4009 tum
587 3950 751 4013 illustribus
765 3955 915 4033 judicibus
930 3958 1032 4036 detur,
1050 3966 1083 4018 ut
1105 3982 1119 4011 o
1137 3959 1231 4020 Etiam
1245 3976 1297 4037 per
1313 3954 1443 4016 officium
1457 3969 1539 4015 suum
1549 3954 1575 4041 tt

508 4050 575 4108 666,
591 4034 642 4112 qui
660 4034 857 4096 ministerium
873 4056 961 4098 suum
978 4040 1020 4100 cis
1042 4040 1277 4114 accommodent,
1301 4037 1460 4098 sententies
1482 4031 1574 4095 defini·

508 4115 582 4175 tiras
607 4115 733 4177 recitent
757 4143 770 4171 o
797 4136 833 4178 ex
857 4118 980 4198 tubello,
1006 4140 1073 4181 eum
1095 4120 1143 4182 atii
1165 4120 1292 4181 debeant
1316 4137 1364 4179 666
1380 4136 1433 4179 suo
1454 4116 1573 4195 ipsoorc

508 4196 636 4278 scriptos
661 4218 699 4260 66
726 4196 821 4262 tituto
847 4198 988 4282 partitus
1017 4199 1125 4284 leocre3
1152 4201 1232 4281 quod
1256 4200 1418 4283 generatim
1446 4194 1574 4259 66666660
