3575 5625
941 678 991 693 -
1016 636 1090 707 202
1115 678 1163 691 -

553 789 594 869 (ll
616 792 648 850 L.
677 788 715 847 19
740 784 766 867 §.
803 787 894 863 ltcat,
924 794 952 846 et
976 789 1008 847 L.
1032 788 1072 848 20
1104 794 1133 847 et
1153 788 1189 847 at
1216 782 1252 867 ῙῙ.
1279 782 1315 846 de
1340 794 1447 868 recept.
1478 786 1571 849 arbitr.

553 870 596 951 (1)
620 873 694 951 Cap.
711 865 779 929 lde
793 866 914 929 orbitn's
928 867 961 929 in
976 870 1007 928 6.

553 952 595 1031 (5)
616 956 647 1014 l..
663 951 701 1011 19
713 948 740 1030 S.
755 950 790 1011 Si
799 950 832 1010 ta
845 946 920 1011 duos
932 947 967 1091 [ᾗ.
981 947 1018 1011 de
1031 956 1136 1031 recept.
1151 947 1257 1010 arbitr.

551 1034 593 1113 (l)
615 1032 743 1093 Arbitrio
757 1032 941 1092 dissentienti
963 1050 997 1092 us
1010 1050 1095 1109 posse
1106 1032 1281 1111 litigantcsa
1295 1035 1504 1110 compromisso
1516 1034 1575 1093 resi·

510 1116 566 1176 lire
580 1122 694 1175 certum
713 1120 774 1190 est,
789 1131 856 1175 cum
874 1112 907 1173 id
921 1114 994 1174 cisa
1016 1113 1081 1193 lege
1096 1113 1295 1191 permittatur.
1312 1117 1413 1191 ltaque
1426 1117 1450 1175 si
1468 1115 1575 1196 litigan-

510 1206 555 1257 tes
577 1194 781 1257 testationibus
801 1195 861 1255 suis
875 1193 1052 1255 denuntient
1066 1213 1104 1254 ne
1119 1195 1225 1255 tertius
1238 1195 1379 1275 eligatur,
1395 1206 1447 1257 aut
1463 1214 1501 1256 ne
1517 1216 1576 1257 scn-

510 1280 632 1339 tentiam
647 1277 741 1353 dicat,
757 1294 816 1337 non
839 1276 973 1357 intelligo
993 1276 1142 1355 quomodo
1156 1276 1207 1337 bic
1218 1278 1340 1351 tertius,
1357 1278 1388 1337 in
1405 1296 1494 1356 quem
1507 1297 1576 1339 nun·

509 1378 597 1438 quam
613 1360 760 1439 litigantes
778 1365 1005 1435 consenserunt,
1026 1358 1137 1418 arbiter
1157 1358 1319 1433 efficiatum
1338 1378 1406 1419 curn
1420 1379 1508 1421 nemo
1521 1361 1576 1421 siae

508 1444 638 1520 partium
659 1442 808 1501 voluntate
826 1440 895 1500 satis
909 1440 1034 1500 idoneus
1048 1440 1160 1501 arbiter
1173 1458 1236 1501 esse
1250 1442 1351 1520 possit.
1367 1442 1494 1503 Consule
1507 1446 1576 1503 l'oe-

509 1532 573 1583 tum
586 1520 771 1603 odpcndcot.
786 1518 837 1582 lib.
850 1524 869 1581 l
884 1522 930 1582 tit.
944 1524 963 1581 8
977 1540 1063 1582 num.
1078 1524 1127 1582 tt.

549 1607 590 1685 (t)
615 1607 689 1685 Cup.
704 1606 738 1665 tt
758 1602 794 1665 do
808 1600 953 1686 appellat.

483 1787 486 1792 '
556 1773 585 1872 ᾗ.
615 1772 660 1842 X.
720 1769 846 1843 Arbitri
889 1770 1053 1869 judicium
1094 1787 1211 1865 sponte
1252 1773 1453 1869 suscipiunt,
1500 1796 1577 1870 quo-

507 1874 619 1959 niama
660 1884 697 1938 ut
723 1870 886 1963 eleganter
918 1872 1028 1965 inquit
1063 1868 1223 1965 Ulpianus
1248 1868 1323 1965 (1),
1362 1870 1432 1939 baec
1459 1897 1510 1941 res
1539 1870 1577 1939 li-

507 1970 584 2040 bera
618 1984 651 2037 et
679 1966 782 2037 soluta
810 1982 883 2055 est,
918 1981 952 2037 et
982 1983 1073 2038 extra
1104 1970 1325 2037 necessitatem
1350 1967 1577 2066 jurisdictionis

507 2068 622 2162 posits.
652 2062 718 2135 Sed
757 2062 847 2159 quod
880 2066 974 2136 initio
1010 2064 1232 2137 voluntariam
1270 2080 1359 2153 erat,
1396 2066 1437 2137 fit
1474 2084 1576 2163 postea

507 2164 743 2248 necessarium
796 2164 951 2257 quoniam
1006 2164 1065 2259 qui
1118 2162 1288 2233 arbitrium
1347 2188 1438 2233 susce
1483 2179 1574 2249 runt,

507 2260 659 2332 videntur
696 2285 788 2330 suam
833 2258 989 2353 obligasse
1035 2258 1160 2351 fidem,
1203 2284 1302 2354 quam
1350 2284 1405 2329 eos
1438 2190 1576 2331 iiberare

506 2373 649 2454 oportet.
677 2358 792 2453 ltaque
824 2357 938 2427 arbitri
968 2357 1068 2427 semel
1101 2371 1251 2452 suscepto
1279 2382 1415 2427 munere
1447 2360 1577 2429 omnino

505 2456 599 2551 sangi
636 2454 759 2526 debent
806 2469 841 2523 et
882 2470 1102 2549 repugnantes
1133 2470 1297 2549 coguntur
1335 2456 1475 2551 imperio
1510 2480 1577 2525 ma·

506 2556 659 2649 gistratus
700 2552 774 2651 (2);
822 2554 884 2622 nisi
909 2553 1033 2648 justam
1081 2550 1223 2621 habeant
1258 2577 1406 2642 causam,
1449 2566 1579 2649 propter

506 2677 607 2746 quam
643 2653 692 2721 sui
731 2649 830 2721 officii
859 2648 1007 2745 partibus
1038 2675 1104 2720 non
1137 2648 1317 2720 satisfacere
1349 2654 1488 2749 impune
1508 2675 1578 2747 pos-

504 2754 581 2820 sint.
614 2749 662 2820 lta
699 2751 727 2820 si
769 2747 932 2843 litigantes
967 2748 1127 2818 arbitrum
1161 2746 1407 2840 infamaverint‚
1450 2765 1509 2820 ant
1544 2772 1578 2819 co

504 2863 614 2942 spreto
646 2863 681 2918 et
718 2861 909 2942 contempto
956 2845 998 2915 ad
1034 2844 1135 2916 alium
1175 2846 1334 2916 arbitrum
1376 2850 1515 2936 iverint,
1555 2849 1577 2914 si

505 2969 617 3041 graves
653 2947 737 3016 inter
769 2947 854 3041 ipsos
888 2935 1068 3015 inimicitiae
1102 2959 1184 3015 ortae
1211 2945 1296 3031 sint,
1332 2946 1470 3040 impune
1496 2947 1578 3016 arbi·

504 3046 606 3116 trium
644 3043 816 3142 abjicitur3
858 3040 1006 3112 similiter
1043 3039 1174 3111 adversa
1216 3039 1388 3129 valetudo,
1435 3068 1577 3114 neeessa-

504 3144 551 3211 ria
594 3141 775 3237 profectio,
813 3165 934 3210 munus
973 3136 1164 3236 reipublicae
1206 3138 1332 3234 aliaque
1364 3139 1482 3210 similia
1510 3145 1578 3240 jus·
1653 3188 1655 3229 =

504 3255 570 3308 tam
614 3237 764 3332 praebent
807 3236 1002 3336 abjiciendi,
1043 3252 1101 3307 aut
1131 3235 1245 3307 saltem
1285 3234 1459 3308 differendi
1496 3239 1578 3309 arbi·
1653 3240 1655 3331 ξ

505 3338 558 3403 trii
587 3359 713 3406 causam
747 3334 813 3430 (ὅ).
1653 3334 1654 3351 ’

544 3507 586 3586 (l)
608 3509 639 3568 L.
656 3509 673 3568 t
707 3505 763 3568 .dc
777 3513 882 3588 recept.
898 3507 953 3589 qui
966 3506 1073 3569 arbitr.

543 3587 586 3664 (a)
607 3591 639 3649 ι.
655 3591 672 3648 5
706 3633 713 3647 .
730 3591 741 3647 t
759 3587 824 3664 aa,
837 3594 866 3648 u
878 3591 952 3670 naq.
968 3589 1055 3672 rap.
1071 3587 1133 3651 eoo.

542 3669 584 3748 (5)
607 3671 713 3730 Confer
727 3669 880 3730 liuberum
917 3667 1026 3731 relect.
1043 3671 1085 3732 od
1094 3668 1232 3753 pandect.
1251 3669 1334 3733 ialal
1350 3673 1395 3733 tit.
1412 3674 1533 3735 braum.
1546 3675 1578 3739 l.

503 3759 530 3810 rt
544 3750 732 3812 lleineccium
744 3748 806 3812 eod.
823 3749 878 3812 loc.
892 3689 921 3830 ξ.
936 3753 996 3812 sto
1004 3770 1073 3833 opp.
1087 3761 1159 3814 tom.
1171 3755 1190 3814 Ξ
1196 3774 1229 3836 p.
1246 3757 1305 3815 ast
1315 3751 1361 3815 ed.
1376 3756 1475 3836 Ncop.
1490 3757 1577 3816 1769.
1653 3754 1655 3785 ²

550 3906 581 4005 ᾗ.
616 3905 678 3977 ΧΙ.
713 3903 844 3976 Pendet
875 3920 986 3976 autem
1019 3932 1059 3977 ex
1098 3908 1209 3981 indole
1249 3911 1426 4004 praesertim
1472 3926 1508 3983 et
1536 3938 1580 3980 ra·
1653 3934 1654 3943 ²

500 4009 591 4078 tione
618 4004 861 4102 compromissi,
910 4025 977 4098 quo
1010 4003 1129 4096 modo,
1164 4031 1270 4102 quoae
1306 4005 1423 4077 ordine
1463 4033 1579 4104 proce·

499 4103 595 4194 dero,
643 4127 742 4198 quam
785 4114 980 4198 potestatem
1032 4101 1171 4188 habere,
1217 4129 1315 4200 quam
1357 4121 1471 4174 contra
1515 4132 1580 4177 non
1653 4104 1654 4189 ζ

498 4199 637 4292 trabere,
681 4215 762 4298 quot
812 4223 951 4271 numero
986 4225 1076 4292 esse,
1113 4203 1199 4270 intra
1241 4201 1330 4298 quod
1370 4217 1503 4299 tempus
1550 4218 1581 4272 et
1653 4266 1654 4281 ἢ
