3575 5625
552 1119 861 1202 'rmlwfl
890 1119 962 1202 X.

524 1339 562 1402 le
586 1339 715 1404 fluctio·
735 1341 788 1405 tite
812 1341 982 1422 lllrspleuia.

658 1525 850 1538 αι’-ῃ

221 1665 239 1714 l.
250 1664 403 1743 Blasplemia
413 1665 673 1743 guidlEjupspeoioe.
756 1673 762 1799 p
798 1664 842 1718 ΙΙΙ.
855 1665 973 1716 Peneia
985 1663 1150 1734 blasphemas.

221 1729 251 1779 ll.
262 1730 419 1800 Blasphamra
429 1742 597 1802 rmpreoauta.

710 1856 741 1959 ς.
770 1859 799 1930 1.

266 2007 504 2094 Missurorurr,
539 2005 605 2076 sire
634 2003 853 2103 blasphemia,
887 2031 952 2104 qua
990 2005 1060 2078 Deo
1091 2030 1148 2078 ore
1178 2009 1296 2105 injuria

217 2105 402 2198 irrogatur,
439 2102 559 2198 duplex
594 2100 749 2198 distingui
776 2102 878 2191 solet,
907 2102 968 2175 ulia
997 2106 1155 2175 nimirum
1185 2131 1297 2178 entiu-

214 2205 367 2288 ts'ats‘oa,
398 2199 459 2270 alia
489 2205 723 2297 imprecative
757 2217 819 2272 est.
855 2201 1066 2290 Enuntiativa
1096 2199 1295 2300 blasphemia

215 2300 456 2387 committitur,
488 2321 564 2367 cum
603 2296 673 2369 Deo
711 2314 851 2394 negatur
882 2297 972 2396 quod
1018 2301 1080 2396 ipsi
1120 2303 1292 2391 oonvenit,

213 2410 252 2466 ut
290 2397 318 2464 si
350 2398 424 2492 quis
460 2411 559 2488 neget
594 2420 670 2466 eum
709 2419 779 2466 esse
810 2397 1097 2492 omnipotentem,
1139 2399 1290 2496 justum,

219 2497 415 2564 immensum
443 2507 534 2578 ete,
562 2491 613 2564 rel
639 2517 715 2564 eum
746 2496 776 2564 ei
808 2495 981 2583 tribuitur,
1021 2493 1112 2591 quod
1152 2494 1194 2564 ab
1225 2498 1295 2592 ipso

218 2589 358 2661 alienum
382 2606 453 2680 est,
500 2604 539 2658 ut
573 2593 599 2659 si
631 2593 704 2687 quis
737 2617 814 2662 eum
850 2616 920 2663 non
956 2590 1153 2688 providum,
1196 2593 1296 2690 injus-

218 2703 307 2779 tum,
340 2689 553 2785 insipientem
584 2702 649 2758 etc.
679 2686 790 2776 dieat3
821 2687 872 2758 vel
912 2687 1057 2785 denique
1097 2714 1174 2760 eum
1201 2714 1294 2760 crea-

219 2800 315 2875 ture,
359 2783 454 2883 quod
503 2783 601 2854 unius
647 2783 708 2855 Dei
752 2789 925 2884 proprium
973 2801 1042 2876 est,
1086 2785 1292 2859 adscribitur.

215 2881 412 2981 Hujusmodi
464 2880 697 2977 blasphemie,
744 2908 822 2953 cum
884 2882 1094 2953 manifestum
1150 2909 1295 2956 errorent

213 2985 422 3070 contineant,
481 2978 680 3049 heretiuales
739 2977 970 3076 appellantur,
1019 2978 1161 3077 ideoque
1205 2980 1295 3051 blas-

213 3076 321 3171 phemi
353 3078 523 3149 habentur
551 3078 653 3147 instar
685 3072 941 3166 hereticorum,
973 3076 1051 3147 licet
1082 3101 1191 3147 revera
1225 3076 1297 3148 hae-

214 3178 299 3247 retici
330 3202 404 3250 non
435 3178 520 3265 sint,
553 3176 580 3245 si
607 3172 692 3263 illis,
726 3199 811 3272 quos
837 3200 897 3247 ore
921 3189 1098 3263 evomunt,
1132 3173 1295 3249 erroribus

202 3298 278 3347 non
302 3289 536 3346 assentiantur.

255 3418 286 3521 S.
316 3420 363 3493 ll.
415 3418 631 3516 Imprecativa
668 3418 870 3515 blasphemia
914 3434 983 3508 est,
1031 3444 1106 3491 curn
1148 3422 1221 3518 quis
1258 3424 1293 3493 in

211 3516 314 3589 Deum
337 3518 467 3589 malum
498 3515 632 3614 aliquod
673 3520 894 3614 imprecatur,
921 3514 973 3588 vel
1008 3542 1084 3588 cum
1109 3544 1186 3590 eum
1218 3544 1295 3593 cou-

210 3618 295 3687 rioiis
318 3632 354 3693 et
383 3613 569 3687 maledictis
595 3616 785 3685 insectatur.
819 3614 911 3685 Olim
940 3613 1081 3686 ethnicis
1111 3615 1194 3687 nihil
1223 3634 1294 3689 erat

211 3715 395 3810 antiquius,
437 3738 535 3809 quam
570 3711 761 3784 christianos
801 3711 844 3783 ad
873 3710 1090 3810 blasphemias
1119 3716 1155 3785 in
1185 3714 1294 3787 Deum

210 3832 264 3880 ore
298 3808 502 3908 promendas
530 3809 660 3904 adigere
688 3809 765 3905 (l),
789 3826 891 3907 atque
909 3809 980 3883 heo
1007 3814 1193 3883 communis
1222 3828 1292 3884 erut

209 3906 395 3981 christiauae
437 3904 604 4003 religionis
643 3906 835 4007 abjiciendae
877 3911 960 3981 ratio
989 3906 1056 4005 (ἢ).
1101 3908 1160 3979 Est
1193 3912 1291 3978 etiam

208 4002 409 4103 blasphemia
444 4008 480 4076 in
522 4005 695 4101 Deiparam
736 4005 927 4101 Virginem,
967 4006 1021 4077 vel
1061 4008 1097 4075 in
1134 4004 1291 4090 Sanctus,

207 4128 280 4197 que
307 4108 345 4175 in
390 4105 494 4173 isius
527 4103 587 4175 Dei
626 4105 810 4175 convicium
848 4118 884 4173 et
914 4104 1067 4200 injuriam
1106 4099 1290 4189 redundat,

206 4199 346 4299 ideoque
372 4130 576 4298 blasphemia
598 4199 719 4273 dicitur
748 4200 817 4297 (ὅ).
1149 4293 1194 4371 ¹5

301 4322 383 4369 τοι.
414 4322 451 4369 ιι.
