<?xml version="1.0" encoding="UTF-8"?>
<!DOCTYPE html PUBLIC "-//W3C//DTD XHTML 1.0 Transitional//EN"
    "http://www.w3.org/TR/xhtml1/DTD/xhtml1-transitional.dtd">
<html xmlns="http://www.w3.org/1999/xhtml" xml:lang="en" lang="en">
 <head>
  <title>
</title>
<meta http-equiv="Content-Type" content="text/html;charset=utf-8" />
  <meta name='ocr-system' content='tesseract 3.04.00' />
  <meta name='ocr-capabilities' content='ocr_page ocr_carea ocr_par ocr_line ocrx_word'/>
</head>
<body>
  <div class='ocr_page' id='page_1' title='image "./institutionumca01devogoog_0035.png"; bbox 0 0 3575 5625; ppageno 0'>
   <div class='ocr_carea' id='block_1_1' title="bbox 472 791 1543 1121">
    <p class='ocr_par' dir='ltr' id='par_1_1' title="bbox 472 791 1543 1121">
     <span class='ocr_line' id='line_1_1' title="bbox 472 791 1542 877; baseline -0.004 -17"><span class='ocrx_word' id='word_1_1' title='bbox 472 797 622 860; x_wconf 90' lang='lat' dir='ltr'><strong>lemnitate</strong></span> <span class='ocrx_word' id='word_1_2' title='bbox 634 796 671 857; x_wconf 89' lang='lat' dir='ltr'><strong>ab</strong></span> <span class='ocrx_word' id='word_1_3' title='bbox 686 795 825 876; x_wconf 86' lang='lat' dir='ltr'><strong>episcopis</strong></span> <span class='ocrx_word' id='word_1_4' title='bbox 836 793 946 874; x_wconf 87' lang='lat' dir='ltr'><strong>judicia</strong></span> <span class='ocrx_word' id='word_1_5' title='bbox 962 803 1135 877; x_wconf 71' lang='lat' dir='ltr'><strong>agerentur,</strong></span> <span class='ocrx_word' id='word_1_6' title='bbox 1151 801 1182 855; x_wconf 86' lang='lat' dir='ltr'><strong>et</strong></span> <span class='ocrx_word' id='word_1_7' title='bbox 1194 791 1442 873; x_wconf 83' lang='lat' dir='ltr'><strong>quemadmodum</strong></span> <span class='ocrx_word' id='word_1_8' title='bbox 1456 792 1489 854; x_wconf 89' lang='lat' dir='ltr'><strong>in</strong></span> <span class='ocrx_word' id='word_1_9' title='bbox 1503 793 1542 856; x_wconf 86' lang='lat' dir='ltr'><strong>iis</strong></span> 
     </span>
     <span class='ocr_line' id='line_1_2' title="bbox 474 873 1541 957; baseline -0.005 -15"><span class='ocrx_word' id='word_1_10' title='bbox 474 880 549 942; x_wconf 88' lang='lat' dir='ltr'>nihil</span> <span class='ocrx_word' id='word_1_11' title='bbox 562 879 749 940; x_wconf 88' lang='lat' dir='ltr'><strong>omitteretur</strong></span> <span class='ocrx_word' id='word_1_12' title='bbox 773 895 892 953; x_wconf 90' lang='lat' dir='ltr'><strong>eorum,</strong></span> <span class='ocrx_word' id='word_1_13' title='bbox 913 895 982 957; x_wconf 78' lang='lat' dir='ltr'><strong>qure</strong></span> <span class='ocrx_word' id='word_1_14' title='bbox 996 877 1034 939; x_wconf 91' lang='lat' dir='ltr'><strong>nd</strong></span> <span class='ocrx_word' id='word_1_15' title='bbox 1052 896 1155 939; x_wconf 88' lang='lat' dir='ltr'><strong>vemm</strong></span> <span class='ocrx_word' id='word_1_16' title='bbox 1171 886 1203 937; x_wconf 91' lang='lat' dir='ltr'><strong>et</strong></span> <span class='ocrx_word' id='word_1_17' title='bbox 1217 877 1379 956; x_wconf 85' lang='lat' dir='ltr'><strong>perlectum</strong></span> <span class='ocrx_word' id='word_1_18' title='bbox 1393 873 1541 954; x_wconf 84' lang='lat' dir='ltr'><strong>judicium</strong></span> 
     </span>
     <span class='ocr_line' id='line_1_3' title="bbox 472 957 1542 1041; baseline -0.006 -18"><span class='ocrx_word' id='word_1_19' title='bbox 472 961 709 1041; x_wconf 74' lang='lat' dir='ltr'><strong>requirebantur.</strong></span> <span class='ocrx_word' id='word_1_20' title='bbox 729 961 807 1036; x_wconf 85' lang='lat' dir='ltr'><strong>Quin</strong></span> <span class='ocrx_word' id='word_1_21' title='bbox 828 968 857 1020; x_wconf 90' lang='lat' dir='ltr'><strong>et</strong></span> <span class='ocrx_word' id='word_1_22' title='bbox 875 960 1024 1039; x_wconf 91' lang='lat' dir='ltr'><strong>episcopos</strong></span> <span class='ocrx_word' id='word_1_23' title='bbox 1037 979 1096 1021; x_wconf 90' lang='lat' dir='ltr'><strong>uon</strong></span> <span class='ocrx_word' id='word_1_24' title='bbox 1108 960 1203 1021; x_wconf 90' lang='lat' dir='ltr'><strong>solum</strong></span> <span class='ocrx_word' id='word_1_25' title='bbox 1213 957 1373 1036; x_wconf 80' lang='lat' dir='ltr'><strong>judicasse,</strong></span> <span class='ocrx_word' id='word_1_26' title='bbox 1389 957 1441 1018; x_wconf 88' lang='lat' dir='ltr'><strong>sed</strong></span> <span class='ocrx_word' id='word_1_27' title='bbox 1455 966 1486 1018; x_wconf 93' lang='lat' dir='ltr'><strong>et</strong></span> <span class='ocrx_word' id='word_1_28' title='bbox 1494 957 1542 1035; x_wconf 87' lang='lat' dir='ltr'><strong>ju·</strong></span> 
     </span>
     <span class='ocr_line' id='line_1_4' title="bbox 473 1037 1543 1121; baseline -0.004 -17"><span class='ocrx_word' id='word_1_29' title='bbox 473 1045 551 1106; x_wconf 80' lang='lat' dir='ltr'><strong>dices</strong></span> <span class='ocrx_word' id='word_1_30' title='bbox 563 1062 616 1103; x_wconf 90' lang='lat' dir='ltr'><strong>sun</strong></span> <span class='ocrx_word' id='word_1_31' title='bbox 633 1042 755 1103; x_wconf 89' lang='lat' dir='ltr'><strong>arbitrio</strong></span> <span class='ocrx_word' id='word_1_32' title='bbox 769 1041 898 1118; x_wconf 85' lang='lat' dir='ltr'><strong>dedisse,</strong></span> <span class='ocrx_word' id='word_1_33' title='bbox 911 1050 1035 1103; x_wconf 89' lang='lat' dir='ltr'><strong>testatur</strong></span> <span class='ocrx_word' id='word_1_34' title='bbox 1048 1045 1179 1105; x_wconf 83' lang='lat' dir='ltr'><strong>Socrates</strong></span> <span class='ocrx_word' id='word_1_35' title='bbox 1198 1037 1303 1103; x_wconf 64' lang='lat' dir='ltr'><strong>butor.</strong></span> <span class='ocrx_word' id='word_1_36' title='bbox 1318 1037 1369 1102; x_wconf 74' lang='lat' dir='ltr'><strong>lib.</strong></span> <span class='ocrx_word' id='word_1_37' title='bbox 1384 1042 1401 1101; x_wconf 88' lang='grc'><strong>7</strong></span> <span class='ocrx_word' id='word_1_38' title='bbox 1416 1057 1486 1121; x_wconf 87' lang='lat' dir='ltr'><strong>eep.</strong></span> <span class='ocrx_word' id='word_1_39' title='bbox 1501 1041 1543 1101; x_wconf 79' lang='lat'><strong>57</strong></span> 
     </span>
    </p>
   </div>
   <div class='ocr_carea' id='block_1_2' title="bbox 471 1121 1544 1285">
    <p class='ocr_par' dir='ltr' id='par_1_2' title="bbox 471 1121 1544 1285">
     <span class='ocr_line' id='line_1_5' title="bbox 471 1121 1543 1266; baseline -0.003 -81"><span class='ocrx_word' id='word_1_40' title='bbox 471 1145 543 1208; x_wconf 81' lang='lat' dir='ltr'><strong>paq.</strong></span> <span class='ocrx_word' id='word_1_41' title='bbox 569 1126 627 1220; x_wconf 52' lang='lat'><strong>§87</strong></span> <span class='ocrx_word' id='word_1_42' title='bbox 650 1123 697 1218; x_wconf 79' lang='lat' dir='ltr'><strong>ed.</strong></span> <span class='ocrx_word' id='word_1_43' title='bbox 723 1121 836 1186; x_wconf 75' lang='lat' dir='ltr'><strong>retesti</strong></span> <span class='ocrx_word' id='word_1_44' title='bbox 862 1121 1361 1266; x_wconf 51' lang='lat' dir='ltr'><strong>Geetebq&#39;g.1720,quinarrat,</strong></span> <span class='ocrx_word' id='word_1_45' title='bbox 1388 1121 1543 1216; x_wconf 63' lang='lat' dir='ltr'><strong>§liranum</strong></span> 
     </span>
     <span class='ocr_line' id='line_1_6' title="bbox 475 1203 1544 1285; baseline -0.006 -15"><span class='ocrx_word' id='word_1_46' title='bbox 475 1206 597 1270; x_wconf 80' lang='lat' dir='ltr'><strong>Troadis</strong></span> <span class='ocrx_word' id='word_1_47' title='bbox 611 1223 794 1284; x_wconf 81' lang='lat' dir='ltr'><strong>episcopum.</strong></span> <span class='ocrx_word' id='word_1_48' title='bbox 813 1225 881 1267; x_wconf 91' lang='lat' dir='ltr'><strong>cum</strong></span> <span class='ocrx_word' id='word_1_49' title='bbox 902 1224 970 1267; x_wconf 87' lang='lat' dir='ltr'><strong>suos</strong></span> <span class='ocrx_word' id='word_1_50' title='bbox 1015 1211 1121 1284; x_wconf 77' lang='lat' dir='ltr'><strong>emeca,</strong></span> <span class='ocrx_word' id='word_1_51' title='bbox 1144 1223 1217 1285; x_wconf 89' lang='lat' dir='ltr'><strong>quos</strong></span> <span class='ocrx_word' id='word_1_52' title='bbox 1237 1203 1412 1266; x_wconf 78' lang='lat' dir='ltr'><strong>dirimendis</strong></span> <span class='ocrx_word' id='word_1_53' title='bbox 1429 1208 1544 1264; x_wconf 92' lang='lat' dir='ltr'><strong>contro·</strong></span> 
     </span>
    </p>
   </div>
   <div class='ocr_carea' id='block_1_3' title="bbox 474 1286 1544 1452">
    <p class='ocr_par' dir='ltr' id='par_1_3' title="bbox 474 1286 1544 1452">
     <span class='ocr_line' id='line_1_7' title="bbox 474 1286 1544 1367; baseline -0.004 -17"><span class='ocrx_word' id='word_1_54' title='bbox 474 1289 577 1350; x_wconf 87' lang='lat' dir='ltr'><strong>versiis</strong></span> <span class='ocrx_word' id='word_1_55' title='bbox 598 1289 668 1348; x_wconf 91' lang='lat' dir='ltr'><strong>dure</strong></span> <span class='ocrx_word' id='word_1_56' title='bbox 689 1288 803 1367; x_wconf 83' lang='lat' dir='ltr'><strong>judices</strong></span> <span class='ocrx_word' id='word_1_57' title='bbox 821 1287 947 1364; x_wconf 89' lang='lat' dir='ltr'><strong>solebat,</strong></span> <span class='ocrx_word' id='word_1_58' title='bbox 966 1288 1085 1367; x_wconf 89' lang='lat' dir='ltr'><strong>aliquod</strong></span> <span class='ocrx_word' id='word_1_59' title='bbox 1103 1286 1174 1349; x_wconf 92' lang='lat' dir='ltr'><strong>inde</strong></span> <span class='ocrx_word' id='word_1_60' title='bbox 1191 1288 1306 1348; x_wconf 89' lang='lat' dir='ltr'><strong>lucrum</strong></span> <span class='ocrx_word' id='word_1_61' title='bbox 1324 1303 1458 1365; x_wconf 75' lang='lat' dir='ltr'><strong>querere</strong></span> <span class='ocrx_word' id='word_1_62' title='bbox 1482 1287 1544 1346; x_wconf 90' lang='lat' dir='ltr'><strong>ani·</strong></span> 
     </span>
     <span class='ocr_line' id='line_1_8' title="bbox 475 1363 1544 1452; baseline -0.004 -20"><span class='ocrx_word' id='word_1_63' title='bbox 475 1370 683 1447; x_wconf 85' lang='lat' dir='ltr'><strong>madverterat,</strong></span> <span class='ocrx_word' id='word_1_64' title='bbox 700 1371 786 1431; x_wconf 90' lang='lat' dir='ltr'><strong>laicos</strong></span> <span class='ocrx_word' id='word_1_65' title='bbox 804 1369 918 1449; x_wconf 83' lang='lat' dir='ltr'><strong>judiees</strong></span> <span class='ocrx_word' id='word_1_66' title='bbox 938 1370 1075 1452; x_wconf 79' lang='lat' dir='ltr'><strong>elegisse,</strong></span> <span class='ocrx_word' id='word_1_67' title='bbox 1088 1374 1140 1449; x_wconf 92' lang='lat' dir='ltr'><strong>qui</strong></span> <span class='ocrx_word' id='word_1_68' title='bbox 1160 1363 1453 1434; x_wconf 76' lang='lat' dir='ltr'><strong>controversiesilles</strong></span> <span class='ocrx_word' id='word_1_69' title='bbox 1467 1366 1544 1428; x_wconf 87' lang='lat' dir='ltr'><strong>deli-</strong></span> 
     </span>
    </p>
   </div>
   <div class='ocr_carea' id='block_1_4' title="bbox 473 1449 1551 4325">
    <p class='ocr_par' dir='ltr' id='par_1_4' title="bbox 473 1449 1545 2272">
     <span class='ocr_line' id='line_1_9' title="bbox 474 1449 1541 1530; baseline -0.006 -16"><span class='ocrx_word' id='word_1_70' title='bbox 474 1455 583 1514; x_wconf 89' lang='lat' dir='ltr'><strong>nircnt.</strong></span> <span class='ocrx_word' id='word_1_71' title='bbox 600 1453 637 1514; x_wconf 89' lang='lat' dir='ltr'><strong>lli</strong></span> <span class='ocrx_word' id='word_1_72' title='bbox 650 1453 730 1528; x_wconf 88' lang='lat' dir='ltr'><strong>luiei,</strong></span> <span class='ocrx_word' id='word_1_73' title='bbox 745 1453 795 1530; x_wconf 94' lang='lat' dir='ltr'><strong>qui</strong></span> <span class='ocrx_word' id='word_1_74' title='bbox 810 1453 937 1530; x_wconf 81' lang='lat' dir='ltr'><strong>episcopi</strong></span> <span class='ocrx_word' id='word_1_75' title='bbox 948 1452 1031 1530; x_wconf 85' lang='lat' dir='ltr'><strong>jussu</strong></span> <span class='ocrx_word' id='word_1_76' title='bbox 1048 1461 1078 1513; x_wconf 91' lang='lat' dir='ltr'><strong>et</strong></span> <span class='ocrx_word' id='word_1_77' title='bbox 1092 1453 1264 1513; x_wconf 90' lang='lat' dir='ltr'><strong>clericorum</strong></span> <span class='ocrx_word' id='word_1_78' title='bbox 1280 1451 1343 1512; x_wconf 85' lang='lat' dir='ltr'><strong>loce</strong></span> <span class='ocrx_word' id='word_1_79' title='bbox 1352 1449 1541 1528; x_wconf 89' lang='lat' dir='ltr'><strong>judicabant,</strong></span> 
     </span>
     <span class='ocr_line' id='line_1_10' title="bbox 473 1531 1544 1615; baseline -0.005 -20"><span class='ocrx_word' id='word_1_80' title='bbox 473 1553 561 1615; x_wconf 88' lang='lat' dir='ltr'><strong>quarn</strong></span> <span class='ocrx_word' id='word_1_81' title='bbox 579 1534 610 1594; x_wconf 92' lang='lat' dir='ltr'><strong>in</strong></span> <span class='ocrx_word' id='word_1_82' title='bbox 629 1534 788 1612; x_wconf 87' lang='lat' dir='ltr'><strong>judicando</strong></span> <span class='ocrx_word' id='word_1_83' title='bbox 807 1533 981 1595; x_wconf 77' lang='lat' dir='ltr'><strong>methodum</strong></span> <span class='ocrx_word' id='word_1_84' title='bbox 995 1552 1111 1596; x_wconf 84' lang='lat' dir='ltr'><strong>servare</strong></span> <span class='ocrx_word' id='word_1_85' title='bbox 1129 1533 1294 1595; x_wconf 77' lang='lat' dir='ltr'><strong>debebant?</strong></span> <span class='ocrx_word' id='word_1_86' title='bbox 1314 1531 1399 1594; x_wconf 78' lang='lat' dir='ltr'><strong>note</strong></span> <span class='ocrx_word' id='word_1_87' title='bbox 1411 1550 1460 1607; x_wconf 91' lang='lat' dir='ltr'><strong>ca,</strong></span> <span class='ocrx_word' id='word_1_88' title='bbox 1476 1549 1544 1609; x_wconf 81' lang='lat' dir='ltr'><strong>quoe</strong></span> 
     </span>
     <span class='ocr_line' id='line_1_11' title="bbox 475 1613 1545 1679; baseline -0.005 -2"><span class='ocrx_word' id='word_1_89' title='bbox 475 1623 507 1677; x_wconf 93' lang='lat' dir='ltr'><strong>in</strong></span> <span class='ocrx_word' id='word_1_90' title='bbox 529 1635 613 1677; x_wconf 87' lang='lat' dir='ltr'><strong>eausa</strong></span> <span class='ocrx_word' id='word_1_91' title='bbox 632 1621 662 1678; x_wconf 89' lang='lat' dir='ltr'><strong>S.</strong></span> <span class='ocrx_word' id='word_1_92' title='bbox 689 1615 839 1679; x_wconf 81' lang='lat' dir='ltr'><strong>Athanasii</strong></span> <span class='ocrx_word' id='word_1_93' title='bbox 861 1636 878 1678; x_wconf 92' lang='lat' dir='ltr'><strong>a</strong></span> <span class='ocrx_word' id='word_1_94' title='bbox 902 1615 1018 1679; x_wconf 85' lang='lat' dir='ltr'><strong>hiberin</strong></span> <span class='ocrx_word' id='word_1_95' title='bbox 1046 1616 1187 1679; x_wconf 83' lang='lat' dir='ltr'><strong>Pontifice</strong></span> <span class='ocrx_word' id='word_1_96' title='bbox 1207 1615 1285 1677; x_wconf 85' lang='lat' dir='ltr'><strong>dicta</strong></span> <span class='ocrx_word' id='word_1_97' title='bbox 1311 1613 1545 1676; x_wconf 71' lang='lat' dir='ltr'><strong>nntndversus</strong></span> 
     </span>
     <span class='ocr_line' id='line_1_12' title="bbox 475 1693 1542 1778; baseline -0.007 -17"><span class='ocrx_word' id='word_1_98' title='bbox 475 1697 675 1762; x_wconf 84' lang='lat' dir='ltr'><strong>Constantium</strong></span> <span class='ocrx_word' id='word_1_99' title='bbox 699 1699 921 1777; x_wconf 88' lang='lat' dir='ltr'><strong>imperatorem,</strong></span> <span class='ocrx_word' id='word_1_100' title='bbox 943 1699 994 1778; x_wconf 89' lang='lat' dir='ltr'><strong>qui</strong></span> <span class='ocrx_word' id='word_1_101' title='bbox 1014 1699 1228 1760; x_wconf 84' lang='lat' dir='ltr'><strong>sanctissimum</strong></span> <span class='ocrx_word' id='word_1_102' title='bbox 1241 1698 1325 1760; x_wconf 85' lang='lat' dir='ltr'><strong>illum</strong></span> <span class='ocrx_word' id='word_1_103' title='bbox 1338 1697 1436 1758; x_wconf 83' lang='lat' dir='ltr'><strong>virum</strong></span> <span class='ocrx_word' id='word_1_104' title='bbox 1450 1693 1542 1755; x_wconf 87' lang='lat' dir='ltr'><strong>rehe-</strong></span> 
     </span>
     <span class='ocr_line' id='line_1_13' title="bbox 475 1775 1542 1861; baseline -0.004 -20"><span class='ocrx_word' id='word_1_105' title='bbox 475 1788 590 1842; x_wconf 90' lang='lat' dir='ltr'><strong>menter</strong></span> <span class='ocrx_word' id='word_1_106' title='bbox 603 1779 792 1841; x_wconf 87' lang='lat' dir='ltr'><strong>condemnari</strong></span> <span class='ocrx_word' id='word_1_107' title='bbox 803 1780 954 1858; x_wconf 88' lang='lat' dir='ltr'><strong>cupiebat,</strong></span> <span class='ocrx_word' id='word_1_108' title='bbox 967 1780 1046 1861; x_wconf 88' lang='lat' dir='ltr'><strong>apud</strong></span> <span class='ocrx_word' id='word_1_109' title='bbox 1068 1783 1216 1844; x_wconf 78' lang='lat' dir='ltr'><strong>coustant.</strong></span> <span class='ocrx_word' id='word_1_110' title='bbox 1236 1797 1282 1860; x_wconf 89' lang='lat' dir='ltr'><strong>ep.</strong></span> <span class='ocrx_word' id='word_1_111' title='bbox 1298 1780 1383 1849; x_wconf 84' lang='lat' dir='ltr'><strong>lipm.</strong></span> <span class='ocrx_word' id='word_1_112' title='bbox 1401 1775 1542 1858; x_wconf 79' lang='lat' dir='ltr'><strong>Poetifie.</strong></span> 
     </span>
     <span class='ocr_line' id='line_1_14' title="bbox 476 1851 1544 1944; baseline -0.006 -20"><span class='ocrx_word' id='word_1_113' title='bbox 476 1859 531 1924; x_wconf 84' lang='lat' dir='ltr'><strong>eol.</strong></span> <span class='ocrx_word' id='word_1_114' title='bbox 558 1864 618 1923; x_wconf 68' lang='grc'><strong>455</strong></span> <span class='ocrx_word' id='word_1_115' title='bbox 640 1881 700 1944; x_wconf 87' lang='lat' dir='ltr'><strong>seq.</strong></span> <span class='ocrx_word' id='word_1_116' title='bbox 720 1865 763 1922; x_wconf 85' lang='lat' dir='ltr'><strong>Ex</strong></span> <span class='ocrx_word' id='word_1_117' title='bbox 779 1861 886 1940; x_wconf 91' lang='lat' dir='ltr'><strong>quibus</strong></span> <span class='ocrx_word' id='word_1_118' title='bbox 907 1862 1097 1942; x_wconf 79' lang='lat' dir='ltr'><strong>intelligitur,</strong></span> <span class='ocrx_word' id='word_1_119' title='bbox 1113 1870 1210 1940; x_wconf 79' lang='lat' dir='ltr'><strong>quam·</strong></span> <span class='ocrx_word' id='word_1_120' title='bbox 1221 1851 1354 1921; x_wconf 77' lang='lat' dir='ltr'><strong>accurate</strong></span> <span class='ocrx_word' id='word_1_121' title='bbox 1371 1859 1544 1940; x_wconf 84' lang='lat' dir='ltr'><strong>diligenter-</strong></span> 
     </span>
     <span class='ocr_line' id='line_1_15' title="bbox 475 1937 1542 2027; baseline -0.005 -21"><span class='ocrx_word' id='word_1_122' title='bbox 475 1962 533 2023; x_wconf 88' lang='lat' dir='ltr'><strong>que</strong></span> <span class='ocrx_word' id='word_1_123' title='bbox 553 1944 590 2004; x_wconf 84' lang='lat' dir='ltr'><strong>ab</strong></span> <span class='ocrx_word' id='word_1_124' title='bbox 614 1943 731 2004; x_wconf 88' lang='lat' dir='ltr'><strong>eeclesia</strong></span> <span class='ocrx_word' id='word_1_125' title='bbox 750 1943 860 2020; x_wconf 87' lang='lat' dir='ltr'><strong>judicia</strong></span> <span class='ocrx_word' id='word_1_126' title='bbox 881 1952 1054 2024; x_wconf 81' lang='lat' dir='ltr'><strong>agerentur,</strong></span> <span class='ocrx_word' id='word_1_127' title='bbox 1070 1943 1123 2005; x_wconf 94' lang='lat' dir='ltr'><strong>diu</strong></span> <span class='ocrx_word' id='word_1_128' title='bbox 1147 1937 1332 2027; x_wconf 75' lang='lat' dir='ltr'><strong>multumque</strong></span> <span class='ocrx_word' id='word_1_129' title='bbox 1353 1941 1455 2002; x_wconf 91' lang='lat' dir='ltr'><strong>audito</strong></span> <span class='ocrx_word' id='word_1_130' title='bbox 1473 1958 1542 2017; x_wconf 88' lang='lat' dir='ltr'><strong>rec,</strong></span> 
     </span>
     <span class='ocr_line' id='line_1_16' title="bbox 476 2021 1545 2108; baseline -0.004 -22"><span class='ocrx_word' id='word_1_131' title='bbox 476 2025 551 2086; x_wconf 84' lang='lat' dir='ltr'><strong>detis</strong></span> <span class='ocrx_word' id='word_1_132' title='bbox 568 2026 594 2084; x_wconf 90' lang='lat' dir='ltr'><strong>ei</strong></span> <span class='ocrx_word' id='word_1_133' title='bbox 617 2025 834 2100; x_wconf 80' lang='lat' dir='ltr'><strong>defensoribus,</strong></span> <span class='ocrx_word' id='word_1_134' title='bbox 850 2024 977 2085; x_wconf 81' lang='lat' dir='ltr'><strong>excussis</strong></span> <span class='ocrx_word' id='word_1_135' title='bbox 1000 2025 1136 2086; x_wconf 88' lang='lat' dir='ltr'><strong>omnibus</strong></span> <span class='ocrx_word' id='word_1_136' title='bbox 1159 2021 1396 2108; x_wconf 80' lang='lat' dir='ltr'><strong>probationibus,</strong></span> <span class='ocrx_word' id='word_1_137' title='bbox 1422 2023 1545 2084; x_wconf 86' lang='lat' dir='ltr'><strong>servetis</strong></span> 
     </span>
     <span class='ocr_line' id='line_1_17' title="bbox 478 2104 1545 2187; baseline -0.002 -19"><span class='ocrx_word' id='word_1_138' title='bbox 478 2107 597 2168; x_wconf 91' lang='lat' dir='ltr'><strong>demum</strong></span> <span class='ocrx_word' id='word_1_139' title='bbox 621 2104 773 2179; x_wconf 88' lang='lat' dir='ltr'><strong>omnibus,</strong></span> <span class='ocrx_word' id='word_1_140' title='bbox 806 2105 914 2185; x_wconf 88' lang='lat' dir='ltr'><strong>quibus</strong></span> <span class='ocrx_word' id='word_1_141' title='bbox 936 2124 1010 2186; x_wconf 90' lang='lat' dir='ltr'><strong>opus</strong></span> <span class='ocrx_word' id='word_1_142' title='bbox 1030 2116 1109 2182; x_wconf 88' lang='lat' dir='ltr'><strong>erat,</strong></span> <span class='ocrx_word' id='word_1_143' title='bbox 1132 2115 1164 2167; x_wconf 88' lang='lat' dir='ltr'><strong>ut</strong></span> <span class='ocrx_word' id='word_1_144' title='bbox 1186 2124 1290 2168; x_wconf 83' lang='lat' dir='ltr'><strong>rerum</strong></span> <span class='ocrx_word' id='word_1_145' title='bbox 1323 2105 1545 2187; x_wconf 77' lang='lat' dir='ltr'><strong>perlectumque</strong></span> 
     </span>
     <span class='ocr_line' id='line_1_18' title="bbox 475 2188 1332 2268; baseline -0.003 -18"><span class='ocrx_word' id='word_1_146' title='bbox 475 2188 620 2268; x_wconf 83' lang='lat' dir='ltr'><strong>judicium</strong></span> <span class='ocrx_word' id='word_1_147' title='bbox 638 2189 807 2249; x_wconf 89' lang='lat' dir='ltr'><strong>haberetur.</strong></span> <span class='ocrx_word' id='word_1_148' title='bbox 1122 2243 1126 2250; x_wconf 91' lang='grc'><em>,</em></span> <span class='ocrx_word' id='word_1_149' title='bbox 1228 2230 1231 2239; x_wconf 82' lang='grc'>.</span> <span class='ocrx_word' id='word_1_150' title='bbox 1258 2190 1332 2236; x_wconf 54' lang='grc' dir='ltr'><strong>’δ”</strong></span> 
     </span>
    </p>

    <p class='ocr_par' dir='ltr' id='par_1_5' title="bbox 477 2267 1551 4325">
     <span class='ocr_line' id='line_1_19' title="bbox 519 2267 1547 2352; baseline -0.005 -20"><span class='ocrx_word' id='word_1_151' title='bbox 519 2269 561 2352; x_wconf 79' lang='lat' dir='ltr'><strong>(l)</strong></span> <span class='ocrx_word' id='word_1_152' title='bbox 582 2270 639 2346; x_wconf 81' lang='lat' dir='ltr'><strong>Qui</strong></span> <span class='ocrx_word' id='word_1_153' title='bbox 657 2270 805 2332; x_wconf 88' lang='lat' dir='ltr'><strong>ecclesiam</strong></span> <span class='ocrx_word' id='word_1_154' title='bbox 824 2289 893 2332; x_wconf 84' lang='lat' dir='ltr'><strong>vera</strong></span> <span class='ocrx_word' id='word_1_155' title='bbox 916 2279 945 2332; x_wconf 94' lang='lat' dir='ltr'><strong>et</strong></span> <span class='ocrx_word' id='word_1_156' title='bbox 962 2271 1080 2350; x_wconf 86' lang='lat' dir='ltr'><strong>propria</strong></span> <span class='ocrx_word' id='word_1_157' title='bbox 1098 2269 1209 2351; x_wconf 82' lang='lat' dir='ltr'><strong>judicie</strong></span> <span class='ocrx_word' id='word_1_158' title='bbox 1228 2270 1391 2336; x_wconf 83' lang='lat' dir='ltr'><strong>exercuisse</strong></span> <span class='ocrx_word' id='word_1_159' title='bbox 1410 2267 1547 2330; x_wconf 86' lang='lat' dir='ltr'><strong>infician-</strong></span> 
     </span>
     <span class='ocr_line' id='line_1_20' title="bbox 479 2349 1547 2434; baseline -0.003 -22"><span class='ocrx_word' id='word_1_160' title='bbox 479 2361 544 2430; x_wconf 91' lang='lat' dir='ltr'><strong>tur,</strong></span> <span class='ocrx_word' id='word_1_161' title='bbox 566 2353 586 2412; x_wconf 93' lang='lat' dir='ltr'><strong>ii</strong></span> <span class='ocrx_word' id='word_1_162' title='bbox 606 2361 713 2434; x_wconf 91' lang='lat' dir='ltr'><strong>negant</strong></span> <span class='ocrx_word' id='word_1_163' title='bbox 736 2351 871 2414; x_wconf 88' lang='lat' dir='ltr'><strong>hahuisse</strong></span> <span class='ocrx_word' id='word_1_164' title='bbox 889 2354 1071 2414; x_wconf 85' lang='lat' dir='ltr'><strong>territorium</strong></span> <span class='ocrx_word' id='word_1_165' title='bbox 1090 2363 1120 2415; x_wconf 90' lang='lat' dir='ltr'><strong>et</strong></span> <span class='ocrx_word' id='word_1_166' title='bbox 1138 2354 1250 2432; x_wconf 89' lang='lat' dir='ltr'><strong>lorum,</strong></span> <span class='ocrx_word' id='word_1_167' title='bbox 1272 2352 1304 2412; x_wconf 93' lang='lat' dir='ltr'><strong>in</strong></span> <span class='ocrx_word' id='word_1_168' title='bbox 1325 2371 1384 2431; x_wconf 94' lang='lat' dir='ltr'><strong>quo</strong></span> <span class='ocrx_word' id='word_1_169' title='bbox 1392 2351 1442 2430; x_wconf 86' lang='lat' dir='ltr'><strong>jus</strong></span> <span class='ocrx_word' id='word_1_170' title='bbox 1466 2349 1547 2410; x_wconf 88' lang='lat' dir='ltr'><strong>dice·</strong></span> 
     </span>
     <span class='ocr_line' id='line_1_21' title="bbox 479 2435 1547 2516; baseline -0.002 -22"><span class='ocrx_word' id='word_1_171' title='bbox 479 2442 540 2511; x_wconf 89' lang='lat' dir='ltr'><strong>ret,</strong></span> <span class='ocrx_word' id='word_1_172' title='bbox 555 2442 642 2513; x_wconf 89' lang='lat' dir='ltr'><strong>atque</strong></span> <span class='ocrx_word' id='word_1_173' title='bbox 660 2436 758 2513; x_wconf 79' lang='lat' dir='ltr'><strong>ajunt,</strong></span> <span class='ocrx_word' id='word_1_174' title='bbox 777 2435 938 2514; x_wconf 77' lang='lat' dir='ltr'><strong>episcopale</strong></span> <span class='ocrx_word' id='word_1_175' title='bbox 957 2435 1102 2516; x_wconf 88' lang='lat' dir='ltr'><strong>judicium</strong></span> <span class='ocrx_word' id='word_1_176' title='bbox 1123 2453 1183 2496; x_wconf 91' lang='lat' dir='ltr'><strong>non</strong></span> <span class='ocrx_word' id='word_1_177' title='bbox 1206 2452 1310 2497; x_wconf 87' lang='lat' dir='ltr'><strong>verum</strong></span> <span class='ocrx_word' id='word_1_178' title='bbox 1335 2435 1547 2512; x_wconf 91' lang='lat' dir='ltr'><strong>propriumque</strong></span> 
     </span>
     <span class='ocr_line' id='line_1_22' title="bbox 477 2514 1547 2595; baseline -0.004 -18"><span class='ocrx_word' id='word_1_179' title='bbox 477 2515 620 2595; x_wconf 85' lang='lat' dir='ltr'><strong>judicium</strong></span> <span class='ocrx_word' id='word_1_180' title='bbox 628 2543 644 2591; x_wconf 91' lang='lat'><strong>,·</strong></span> <span class='ocrx_word' id='word_1_181' title='bbox 655 2517 706 2578; x_wconf 93' lang='lat' dir='ltr'><strong>sed</strong></span> <span class='ocrx_word' id='word_1_182' title='bbox 729 2514 929 2594; x_wconf 80' lang='lat' dir='ltr'><strong>audientiam,</strong></span> <span class='ocrx_word' id='word_1_183' title='bbox 954 2518 1010 2580; x_wconf 91' lang='lat' dir='ltr'><strong>hoc</strong></span> <span class='ocrx_word' id='word_1_184' title='bbox 1029 2526 1074 2578; x_wconf 86' lang='lat' dir='ltr'><strong>est</strong></span> <span class='ocrx_word' id='word_1_185' title='bbox 1089 2518 1245 2579; x_wconf 90' lang='lat' dir='ltr'><strong>arbitrium</strong></span> <span class='ocrx_word' id='word_1_186' title='bbox 1265 2516 1416 2595; x_wconf 86' lang='lat' dir='ltr'><strong>appellari.</strong></span> <span class='ocrx_word' id='word_1_187' title='bbox 1437 2517 1470 2574; x_wconf 91' lang='lat' dir='ltr'><strong>ln</strong></span> <span class='ocrx_word' id='word_1_188' title='bbox 1484 2514 1547 2593; x_wconf 91' lang='lat' dir='ltr'><strong>pri·</strong></span> 
     </span>
     <span class='ocr_line' id='line_1_23' title="bbox 480 2592 1547 2677; baseline -0.001 -19"><span class='ocrx_word' id='word_1_189' title='bbox 480 2599 535 2658; x_wconf 91' lang='lat' dir='ltr'><strong>mis</strong></span> <span class='ocrx_word' id='word_1_190' title='bbox 545 2606 642 2658; x_wconf 88' lang='lat' dir='ltr'><strong>autem</strong></span> <span class='ocrx_word' id='word_1_191' title='bbox 656 2599 819 2659; x_wconf 85' lang='lat' dir='ltr'><strong>obtrudunt</strong></span> <span class='ocrx_word' id='word_1_192' title='bbox 830 2599 978 2661; x_wconf 87' lang='lat' dir='ltr'><strong>Novellam</strong></span> <span class='ocrx_word' id='word_1_193' title='bbox 994 2600 1190 2662; x_wconf 88' lang='lat' dir='ltr'><strong>Valentiniani</strong></span> <span class='ocrx_word' id='word_1_194' title='bbox 1202 2603 1243 2662; x_wconf 96' lang='lat' dir='ltr'><strong>lll</strong></span> <span class='ocrx_word' id='word_1_195' title='bbox 1254 2617 1320 2677; x_wconf 80' lang='lat' dir='ltr'><strong>quse</strong></span> <span class='ocrx_word' id='word_1_196' title='bbox 1330 2606 1374 2659; x_wconf 90' lang='lat' dir='ltr'><strong>est</strong></span> <span class='ocrx_word' id='word_1_197' title='bbox 1384 2592 1492 2658; x_wconf 80' lang='lat' dir='ltr'><strong>Nocet.</strong></span> <span class='ocrx_word' id='word_1_198' title='bbox 1506 2599 1547 2657; x_wconf 72' lang='lat' dir='ltr'><strong>te</strong></span> 
     </span>
     <span class='ocr_line' id='line_1_24' title="bbox 480 2678 1547 2761; baseline -0.002 -20"><span class='ocrx_word' id='word_1_199' title='bbox 480 2678 515 2742; x_wconf 85' lang='lat' dir='ltr'><strong>de</strong></span> <span class='ocrx_word' id='word_1_200' title='bbox 529 2679 630 2761; x_wconf 72' lang='lat' dir='ltr'><strong>episc,</strong></span> <span class='ocrx_word' id='word_1_201' title='bbox 647 2689 675 2740; x_wconf 89' lang='lat' dir='ltr'><strong>et</strong></span> <span class='ocrx_word' id='word_1_202' title='bbox 689 2699 746 2758; x_wconf 89' lang='lat' dir='ltr'><strong>qua</strong></span> <span class='ocrx_word' id='word_1_203' title='bbox 759 2681 901 2758; x_wconf 88' lang='lat' dir='ltr'><strong>seriptum</strong></span> <span class='ocrx_word' id='word_1_204' title='bbox 920 2691 1032 2744; x_wconf 81' lang='lat' dir='ltr'><strong>exstat:</strong></span> <span class='ocrx_word' id='word_1_205' title='bbox 1059 2707 1072 2736; x_wconf 75' lang='lat' dir='ltr'><strong>a</strong></span> <span class='ocrx_word' id='word_1_206' title='bbox 1089 2682 1233 2758; x_wconf 80' lang='lat' dir='ltr'><strong>Quoniam</strong></span> <span class='ocrx_word' id='word_1_207' title='bbox 1251 2687 1377 2757; x_wconf 88' lang='lat' dir='ltr'><strong>constat,</strong></span> <span class='ocrx_word' id='word_1_208' title='bbox 1398 2679 1547 2758; x_wconf 90' lang='lat' dir='ltr'><strong>episcopos</strong></span> 
     </span>
     <span class='ocr_line' id='line_1_25' title="bbox 479 2760 1548 2844; baseline -0.002 -22"><span class='ocrx_word' id='word_1_209' title='bbox 479 2763 576 2823; x_wconf 88' lang='lat' dir='ltr'><strong>lorum</strong></span> <span class='ocrx_word' id='word_1_210' title='bbox 594 2762 707 2843; x_wconf 89' lang='lat' dir='ltr'><strong>legibus</strong></span> <span class='ocrx_word' id='word_1_211' title='bbox 728 2781 787 2823; x_wconf 91' lang='lat' dir='ltr'><strong>non</strong></span> <span class='ocrx_word' id='word_1_212' title='bbox 810 2763 936 2844; x_wconf 85' lang='lat' dir='ltr'><strong>bebere,</strong></span> <span class='ocrx_word' id='word_1_213' title='bbox 960 2783 1014 2826; x_wconf 91' lang='lat' dir='ltr'><strong>nce</strong></span> <span class='ocrx_word' id='word_1_214' title='bbox 1029 2763 1068 2826; x_wconf 92' lang='lat' dir='ltr'><strong>de</strong></span> <span class='ocrx_word' id='word_1_215' title='bbox 1091 2765 1156 2825; x_wconf 91' lang='lat' dir='ltr'><strong>aliis</strong></span> <span class='ocrx_word' id='word_1_216' title='bbox 1175 2765 1284 2837; x_wconf 86' lang='lat' dir='ltr'><strong>causis,</strong></span> <span class='ocrx_word' id='word_1_217' title='bbox 1308 2779 1397 2841; x_wconf 83' lang='lat' dir='ltr'><strong>quum</strong></span> <span class='ocrx_word' id='word_1_218' title='bbox 1423 2760 1461 2821; x_wconf 91' lang='lat' dir='ltr'><strong>de</strong></span> <span class='ocrx_word' id='word_1_219' title='bbox 1497 2777 1548 2821; x_wconf 88' lang='lat' dir='ltr'><strong>re-</strong></span> 
     </span>
     <span class='ocr_line' id='line_1_26' title="bbox 479 2843 1544 2927; baseline -0.003 -23"><span class='ocrx_word' id='word_1_220' title='bbox 479 2846 588 2925; x_wconf 87' lang='lat' dir='ltr'><strong>ligione</strong></span> <span class='ocrx_word' id='word_1_221' title='bbox 617 2863 700 2925; x_wconf 89' lang='lat' dir='ltr'><strong>posse</strong></span> <span class='ocrx_word' id='word_1_222' title='bbox 723 2862 912 2927; x_wconf 87' lang='lat' dir='ltr'><strong>cognoscere,</strong></span> <span class='ocrx_word' id='word_1_223' title='bbox 940 2856 975 2907; x_wconf 93' lang='lat' dir='ltr'><strong>ut</strong></span> <span class='ocrx_word' id='word_1_224' title='bbox 1002 2847 1238 2911; x_wconf 86' lang='lat' dir='ltr'><strong>Theodosianum</strong></span> <span class='ocrx_word' id='word_1_225' title='bbox 1268 2862 1373 2923; x_wconf 87' lang='lat' dir='ltr'><strong>corpus</strong></span> <span class='ocrx_word' id='word_1_226' title='bbox 1399 2843 1544 2919; x_wconf 88' lang='lat' dir='ltr'><strong>ostendit,</strong></span> 
     </span>
     <span class='ocr_line' id='line_1_27' title="bbox 480 2926 1547 3009; baseline -0.001 -22"><span class='ocrx_word' id='word_1_227' title='bbox 480 2928 565 2987; x_wconf 88' lang='lat' dir='ltr'><strong>aliter</strong></span> <span class='ocrx_word' id='word_1_228' title='bbox 585 2946 633 2987; x_wconf 92' lang='lat' dir='ltr'><strong>eos</strong></span> <span class='ocrx_word' id='word_1_229' title='bbox 650 2927 763 3006; x_wconf 88' lang='lat' dir='ltr'><strong>judices</strong></span> <span class='ocrx_word' id='word_1_230' title='bbox 792 2946 854 2990; x_wconf 88' lang='lat' dir='ltr'><strong>esse</strong></span> <span class='ocrx_word' id='word_1_231' title='bbox 882 2948 942 2990; x_wconf 93' lang='lat' dir='ltr'><strong>non</strong></span> <span class='ocrx_word' id='word_1_232' title='bbox 960 2930 1103 3009; x_wconf 90' lang='lat' dir='ltr'><strong>patimur,</strong></span> <span class='ocrx_word' id='word_1_233' title='bbox 1128 2929 1183 2989; x_wconf 90' lang='lat' dir='ltr'><strong>uisi</strong></span> <span class='ocrx_word' id='word_1_234' title='bbox 1209 2928 1341 2990; x_wconf 85' lang='lat' dir='ltr'><strong>voluntas</strong></span> <span class='ocrx_word' id='word_1_235' title='bbox 1361 2926 1547 3007; x_wconf 82' lang='lat' dir='ltr'><strong>jurgantium</strong></span> 
     </span>
     <span class='ocr_line' id='line_1_28' title="bbox 481 3006 1545 3089; baseline -0.004 -20"><span class='ocrx_word' id='word_1_236' title='bbox 481 3009 535 3069; x_wconf 92' lang='lat' dir='ltr'><strong>sub</strong></span> <span class='ocrx_word' id='word_1_237' title='bbox 559 3009 675 3070; x_wconf 87' lang='lat' dir='ltr'><strong>vinculo</strong></span> <span class='ocrx_word' id='word_1_238' title='bbox 698 3011 898 3089; x_wconf 84' lang='lat' dir='ltr'><strong>compromissi</strong></span> <span class='ocrx_word' id='word_1_239' title='bbox 933 3012 1084 3089; x_wconf 71' lang='lat' dir='ltr'><strong>procedat,</strong></span> <span class='ocrx_word' id='word_1_240' title='bbox 1113 3010 1193 3089; x_wconf 90' lang='lat' dir='ltr'><strong>quod</strong></span> <span class='ocrx_word' id='word_1_241' title='bbox 1226 3011 1250 3071; x_wconf 91' lang='lat' dir='ltr'><strong>si</strong></span> <span class='ocrx_word' id='word_1_242' title='bbox 1281 3009 1422 3069; x_wconf 88' lang='lat' dir='ltr'><strong>alteruter</strong></span> <span class='ocrx_word' id='word_1_243' title='bbox 1454 3006 1545 3084; x_wconf 87' lang='lat' dir='ltr'><strong>nolit,</strong></span> 
     </span>
     <span class='ocr_line' id='line_1_29' title="bbox 480 3088 1548 3173; baseline -0.002 -22"><span class='ocrx_word' id='word_1_244' title='bbox 480 3092 540 3152; x_wconf 91' lang='lat' dir='ltr'><strong>sive</strong></span> <span class='ocrx_word' id='word_1_245' title='bbox 560 3090 666 3167; x_wconf 85' lang='lat' dir='ltr'><strong>laicus,</strong></span> <span class='ocrx_word' id='word_1_246' title='bbox 692 3091 753 3152; x_wconf 86' lang='lat' dir='ltr'><strong>sire</strong></span> <span class='ocrx_word' id='word_1_247' title='bbox 778 3092 899 3153; x_wconf 85' lang='lat' dir='ltr'><strong>clericus</strong></span> <span class='ocrx_word' id='word_1_248' title='bbox 934 3095 988 3169; x_wconf 88' lang='lat' dir='ltr'><strong>sit,</strong></span> <span class='ocrx_word' id='word_1_249' title='bbox 1012 3101 1099 3173; x_wconf 84' lang='lat' dir='ltr'><strong>egent</strong></span> <span class='ocrx_word' id='word_1_250' title='bbox 1124 3090 1247 3171; x_wconf 88' lang='lat' dir='ltr'><strong>publicis</strong></span> <span class='ocrx_word' id='word_1_251' title='bbox 1270 3091 1383 3171; x_wconf 85' lang='lat' dir='ltr'><strong>legibus</strong></span> <span class='ocrx_word' id='word_1_252' title='bbox 1417 3097 1447 3150; x_wconf 90' lang='lat' dir='ltr'><strong>et</strong></span> <span class='ocrx_word' id='word_1_253' title='bbox 1478 3088 1548 3168; x_wconf 85' lang='lat' dir='ltr'><strong>jure</strong></span> 
     </span>
     <span class='ocr_line' id='line_1_30' title="bbox 479 3172 1547 3254; baseline -0.003 -20"><span class='ocrx_word' id='word_1_254' title='bbox 479 3175 638 3234; x_wconf 90' lang='lat' dir='ltr'><strong>communi.</strong></span> <span class='ocrx_word' id='word_1_255' title='bbox 658 3198 671 3227; x_wconf 79' lang='lat' dir='ltr'><strong>a</strong></span> <span class='ocrx_word' id='word_1_256' title='bbox 691 3175 727 3235; x_wconf 80' lang='lat' dir='ltr'><strong>At</strong></span> <span class='ocrx_word' id='word_1_257' title='bbox 746 3173 770 3234; x_wconf 90' lang='lat' dir='ltr'><strong>si</strong></span> <span class='ocrx_word' id='word_1_258' title='bbox 790 3173 931 3235; x_wconf 89' lang='lat' dir='ltr'><strong>territorii</strong></span> <span class='ocrx_word' id='word_1_259' title='bbox 946 3176 1065 3236; x_wconf 91' lang='lat' dir='ltr'><strong>nomine</strong></span> <span class='ocrx_word' id='word_1_260' title='bbox 1079 3174 1270 3254; x_wconf 89' lang='lat' dir='ltr'><strong>intelligimus</strong></span> <span class='ocrx_word' id='word_1_261' title='bbox 1283 3174 1379 3233; x_wconf 88' lang='lat' dir='ltr'><strong>locum</strong></span> <span class='ocrx_word' id='word_1_262' title='bbox 1393 3172 1470 3232; x_wconf 87' lang='lat' dir='ltr'><strong>intra</strong></span> <span class='ocrx_word' id='word_1_263' title='bbox 1486 3188 1547 3231; x_wconf 90' lang='lat' dir='ltr'><strong>cer-</strong></span> 
     </span>
     <span class='ocr_line' id='line_1_31' title="bbox 482 3254 1548 3338; baseline 0.001 -24"><span class='ocrx_word' id='word_1_264' title='bbox 482 3263 545 3315; x_wconf 91' lang='lat' dir='ltr'><strong>tum</strong></span> <span class='ocrx_word' id='word_1_265' title='bbox 567 3256 726 3315; x_wconf 88' lang='lat' dir='ltr'><strong>terminum</strong></span> <span class='ocrx_word' id='word_1_266' title='bbox 749 3256 892 3333; x_wconf 88' lang='lat' dir='ltr'><strong>positum,</strong></span> <span class='ocrx_word' id='word_1_267' title='bbox 914 3256 946 3315; x_wconf 94' lang='lat' dir='ltr'><strong>in</strong></span> <span class='ocrx_word' id='word_1_268' title='bbox 967 3274 1026 3335; x_wconf 94' lang='lat' dir='ltr'><strong>quo</strong></span> <span class='ocrx_word' id='word_1_269' title='bbox 1047 3258 1234 3338; x_wconf 88' lang='lat' dir='ltr'><strong>magistratus</strong></span> <span class='ocrx_word' id='word_1_270' title='bbox 1250 3255 1299 3334; x_wconf 85' lang='lat' dir='ltr'><strong>jus</strong></span> <span class='ocrx_word' id='word_1_271' title='bbox 1320 3254 1393 3315; x_wconf 88' lang='lat' dir='ltr'><strong>dicit</strong></span> <span class='ocrx_word' id='word_1_272' title='bbox 1413 3261 1443 3314; x_wconf 92' lang='lat' dir='ltr'><strong>et</strong></span> <span class='ocrx_word' id='word_1_273' title='bbox 1463 3271 1548 3315; x_wconf 88' lang='lat' dir='ltr'><strong>suam</strong></span> 
     </span>
     <span class='ocr_line' id='line_1_32' title="bbox 478 3335 1547 3419; baseline -0.002 -22"><span class='ocrx_word' id='word_1_274' title='bbox 478 3336 711 3415; x_wconf 86' lang='lat' dir='ltr'><strong>jurisdictionem</strong></span> <span class='ocrx_word' id='word_1_275' title='bbox 731 3346 861 3413; x_wconf 86' lang='lat' dir='ltr'><strong>exercet,</strong></span> <span class='ocrx_word' id='word_1_276' title='bbox 883 3338 949 3416; x_wconf 92' lang='lat' dir='ltr'><strong>quis</strong></span> <span class='ocrx_word' id='word_1_277' title='bbox 962 3347 1065 3419; x_wconf 86' lang='lat' dir='ltr'><strong>neget,</strong></span> <span class='ocrx_word' id='word_1_278' title='bbox 1084 3342 1145 3418; x_wconf 78' lang='lat' dir='ltr'><strong>J&#39;nm</strong></span> <span class='ocrx_word' id='word_1_279' title='bbox 1165 3339 1278 3417; x_wconf 87' lang='lat' dir='ltr'><strong>abipso</strong></span> <span class='ocrx_word' id='word_1_280' title='bbox 1295 3337 1380 3398; x_wconf 86' lang='lat' dir='ltr'><strong>initio</strong></span> <span class='ocrx_word' id='word_1_281' title='bbox 1396 3335 1547 3396; x_wconf 81' lang='lat' dir='ltr'><strong>ecelesiam</strong></span> 
     </span>
     <span class='ocr_line' id='line_1_33' title="bbox 481 3416 1547 3494; baseline 0 -15"><span class='ocrx_word' id='word_1_282' title='bbox 481 3418 664 3479; x_wconf 89' lang='lat' dir='ltr'><strong>territorium</strong></span> <span class='ocrx_word' id='word_1_283' title='bbox 685 3416 840 3479; x_wconf 83' lang='lat' dir='ltr'><strong>habuisse?</strong></span> <span class='ocrx_word' id='word_1_284' title='bbox 854 3423 928 3481; x_wconf 85' lang='lat' dir='ltr'><strong>Cum</strong></span> <span class='ocrx_word' id='word_1_285' title='bbox 948 3418 1049 3481; x_wconf 80' lang='lat' dir='ltr'><strong>divise</strong></span> <span class='ocrx_word' id='word_1_286' title='bbox 1065 3429 1135 3482; x_wconf 90' lang='lat' dir='ltr'><strong>sunt</strong></span> <span class='ocrx_word' id='word_1_287' title='bbox 1153 3422 1306 3494; x_wconf 72' lang='lat' dir='ltr'><strong>doeceses,</strong></span> <span class='ocrx_word' id='word_1_288' title='bbox 1327 3436 1395 3480; x_wconf 92' lang='lat' dir='ltr'><strong>cum</strong></span> <span class='ocrx_word' id='word_1_289' title='bbox 1412 3419 1547 3479; x_wconf 85' lang='lat' dir='ltr'><strong>instituta</strong></span> 
     </span>
     <span class='ocr_line' id='line_1_34' title="bbox 482 3498 1550 3580; baseline -0.001 -20"><span class='ocrx_word' id='word_1_290' title='bbox 482 3507 551 3560; x_wconf 90' lang='lat' dir='ltr'><strong>sunt</strong></span> <span class='ocrx_word' id='word_1_291' title='bbox 570 3498 638 3577; x_wconf 87' lang='lat' dir='ltr'><strong>jura</strong></span> <span class='ocrx_word' id='word_1_292' title='bbox 663 3501 892 3579; x_wconf 89' lang='lat' dir='ltr'><strong>metropolitica,</strong></span> <span class='ocrx_word' id='word_1_293' title='bbox 918 3519 985 3580; x_wconf 83' lang='lat' dir='ltr'><strong>que</strong></span> <span class='ocrx_word' id='word_1_294' title='bbox 1010 3522 1080 3565; x_wconf 87' lang='lat' dir='ltr'><strong>sane</strong></span> <span class='ocrx_word' id='word_1_295' title='bbox 1099 3504 1200 3566; x_wconf 85' lang='lat' dir='ltr'><strong>Titum</strong></span> <span class='ocrx_word' id='word_1_296' title='bbox 1220 3510 1250 3563; x_wconf 89' lang='lat' dir='ltr'><strong>et</strong></span> <span class='ocrx_word' id='word_1_297' title='bbox 1279 3500 1467 3563; x_wconf 83' lang='lat' dir='ltr'><strong>Timotheum</strong></span> <span class='ocrx_word' id='word_1_298' title='bbox 1492 3500 1550 3561; x_wconf 85' lang='lat' dir='ltr'><strong>he-</strong></span> 
     </span>
     <span class='ocr_line' id='line_1_35' title="bbox 483 3580 1551 3664; baseline 0 -22"><span class='ocrx_word' id='word_1_299' title='bbox 483 3580 580 3642; x_wconf 91' lang='lat' dir='ltr'><strong>buisse</strong></span> <span class='ocrx_word' id='word_1_300' title='bbox 601 3590 727 3656; x_wconf 85' lang='lat' dir='ltr'><strong>constat,</strong></span> <span class='ocrx_word' id='word_1_301' title='bbox 750 3600 816 3642; x_wconf 89' lang='lat' dir='ltr'><strong>eum</strong></span> <span class='ocrx_word' id='word_1_302' title='bbox 834 3584 905 3643; x_wconf 88' lang='lat' dir='ltr'><strong>item</strong></span> <span class='ocrx_word' id='word_1_303' title='bbox 919 3583 986 3662; x_wconf 89' lang='lat' dir='ltr'><strong>jura</strong></span> <span class='ocrx_word' id='word_1_304' title='bbox 1009 3586 1218 3663; x_wconf 82' lang='lat' dir='ltr'><strong>petriamhica,</strong></span> <span class='ocrx_word' id='word_1_305' title='bbox 1236 3602 1363 3664; x_wconf 88' lang='lat' dir='ltr'><strong>quorum</strong></span> <span class='ocrx_word' id='word_1_306' title='bbox 1389 3582 1473 3644; x_wconf 90' lang='lat' dir='ltr'><strong>initia</strong></span> <span class='ocrx_word' id='word_1_307' title='bbox 1498 3589 1551 3643; x_wconf 90' lang='lat' dir='ltr'><strong>aut</strong></span> 
     </span>
     <span class='ocr_line' id='line_1_36' title="bbox 483 3663 1550 3743; baseline 0.001 -19"><span class='ocrx_word' id='word_1_308' title='bbox 483 3663 520 3724; x_wconf 91' lang='lat' dir='ltr'><strong>ab</strong></span> <span class='ocrx_word' id='word_1_309' title='bbox 533 3663 669 3741; x_wconf 85' lang='lat' dir='ltr'><strong>apostolis</strong></span> <span class='ocrx_word' id='word_1_310' title='bbox 682 3670 752 3723; x_wconf 90' lang='lat' dir='ltr'><strong>suut</strong></span> <span class='ocrx_word' id='word_1_311' title='bbox 768 3665 941 3743; x_wconf 87' lang='lat' dir='ltr'><strong>repetenda,</strong></span> <span class='ocrx_word' id='word_1_312' title='bbox 960 3674 1011 3726; x_wconf 92' lang='lat' dir='ltr'><strong>aut</strong></span> <span class='ocrx_word' id='word_1_313' title='bbox 1023 3675 1103 3729; x_wconf 89' lang='lat' dir='ltr'><strong>eerte</strong></span> <span class='ocrx_word' id='word_1_314' title='bbox 1116 3669 1234 3730; x_wconf 82' lang='lat' dir='ltr'><strong>Nicoeno</strong></span> <span class='ocrx_word' id='word_1_315' title='bbox 1248 3665 1370 3726; x_wconf 88' lang='lat' dir='ltr'><strong>concilio</strong></span> <span class='ocrx_word' id='word_1_316' title='bbox 1382 3665 1550 3743; x_wconf 88' lang='lat' dir='ltr'><strong>antiquiora</strong></span> 
     </span>
     <span class='ocr_line' id='line_1_37' title="bbox 483 3746 1550 3829; baseline 0.002 -24"><span class='ocrx_word' id='word_1_317' title='bbox 483 3750 569 3819; x_wconf 91' lang='lat' dir='ltr'><strong>sunt,</strong></span> <span class='ocrx_word' id='word_1_318' title='bbox 587 3762 684 3805; x_wconf 89' lang='lat' dir='ltr'><strong>nonne</strong></span> <span class='ocrx_word' id='word_1_319' title='bbox 705 3746 861 3825; x_wconf 89' lang='lat' dir='ltr'><strong>episcopis,</strong></span> <span class='ocrx_word' id='word_1_320' title='bbox 884 3749 1092 3827; x_wconf 87' lang='lat' dir='ltr'><strong>metropolitis,</strong></span> <span class='ocrx_word' id='word_1_321' title='bbox 1111 3747 1284 3829; x_wconf 88' lang='lat' dir='ltr'><strong>patriarchis</strong></span> <span class='ocrx_word' id='word_1_322' title='bbox 1301 3746 1403 3807; x_wconf 90' lang='lat' dir='ltr'><strong>datum</strong></span> <span class='ocrx_word' id='word_1_323' title='bbox 1419 3753 1464 3808; x_wconf 87' lang='lat' dir='ltr'><strong>est</strong></span> <span class='ocrx_word' id='word_1_324' title='bbox 1486 3753 1550 3807; x_wconf 90' lang='lat' dir='ltr'><strong>ter-</strong></span> 
     </span>
     <span class='ocr_line' id='line_1_38' title="bbox 483 3826 1551 3913; baseline 0.001 -25"><span class='ocrx_word' id='word_1_325' title='bbox 483 3826 635 3899; x_wconf 89' lang='lat' dir='ltr'><strong>ritorium,</strong></span> <span class='ocrx_word' id='word_1_326' title='bbox 660 3826 690 3885; x_wconf 95' lang='lat' dir='ltr'><strong>in</strong></span> <span class='ocrx_word' id='word_1_327' title='bbox 705 3846 764 3906; x_wconf 94' lang='lat' dir='ltr'><strong>quo</strong></span> <span class='ocrx_word' id='word_1_328' title='bbox 782 3826 830 3906; x_wconf 89' lang='lat' dir='ltr'><strong>jus</strong></span> <span class='ocrx_word' id='word_1_329' title='bbox 851 3828 983 3890; x_wconf 89' lang='lat' dir='ltr'><strong>dicerent</strong></span> <span class='ocrx_word' id='word_1_330' title='bbox 1007 3850 1147 3911; x_wconf 84' lang='lat' dir='ltr'><strong>suumque</strong></span> <span class='ocrx_word' id='word_1_331' title='bbox 1168 3838 1340 3913; x_wconf 76' lang='lat' dir='ltr'><strong>potestatem</strong></span> <span class='ocrx_word' id='word_1_332' title='bbox 1359 3830 1551 3889; x_wconf 81' lang='lat' dir='ltr'><strong>exercerent?</strong></span> 
     </span>
     <span class='ocr_line' id='line_1_39' title="bbox 483 3907 1548 3990; baseline 0.001 -19"><span class='ocrx_word' id='word_1_333' title='bbox 483 3907 611 3971; x_wconf 90' lang='lat' dir='ltr'><strong>Concilio</strong></span> <span class='ocrx_word' id='word_1_334' title='bbox 626 3908 744 3971; x_wconf 87' lang='lat' dir='ltr'><strong>Nieaeno</strong></span> <span class='ocrx_word' id='word_1_335' title='bbox 764 3927 830 3971; x_wconf 85' lang='lat' dir='ltr'><strong>cun.</strong></span> <span class='ocrx_word' id='word_1_336' title='bbox 854 3912 966 3990; x_wconf 79' lang='lat' dir='ltr'><strong>bapud</strong></span> <span class='ocrx_word' id='word_1_337' title='bbox 979 3913 1069 3974; x_wconf 81' lang='lat' dir='ltr'><strong>labb.</strong></span> <span class='ocrx_word' id='word_1_338' title='bbox 1096 3918 1202 3976; x_wconf 65' lang='lat' dir='ltr'><strong>touch</strong></span> <span class='ocrx_word' id='word_1_339' title='bbox 1224 3910 1279 3974; x_wconf 86' lang='lat' dir='ltr'><strong>eol.</strong></span> <span class='ocrx_word' id='word_1_340' title='bbox 1301 3914 1340 3973; x_wconf 76' lang='lat' dir='ltr'><strong>st</strong></span> <span class='ocrx_word' id='word_1_341' title='bbox 1354 3908 1425 3973; x_wconf 79' lang='lat' dir='ltr'><strong>edit.</strong></span> <span class='ocrx_word' id='word_1_342' title='bbox 1445 3912 1548 3972; x_wconf 85' lang='lat' dir='ltr'><strong>Vecet.</strong></span> 
     </span>
     <span class='ocr_line' id='line_1_40' title="bbox 485 3990 1550 4077; baseline 0.002 -26"><span class='ocrx_word' id='word_1_343' title='bbox 485 3990 633 4071; x_wconf 88' lang='lat' dir='ltr'><strong>designata</strong></span> <span class='ocrx_word' id='word_1_344' title='bbox 648 3999 718 4050; x_wconf 88' lang='lat' dir='ltr'><strong>sunt</strong></span> <span class='ocrx_word' id='word_1_345' title='bbox 738 3993 905 4069; x_wconf 83' lang='lat' dir='ltr'><strong>certulam,</strong></span> <span class='ocrx_word' id='word_1_346' title='bbox 923 4011 1053 4077; x_wconf 80' lang='lat' dir='ltr'><strong>quorem</strong></span> <span class='ocrx_word' id='word_1_347' title='bbox 1065 3996 1199 4058; x_wconf 79' lang='lat' dir='ltr'><strong>omnium</strong></span> <span class='ocrx_word' id='word_1_348' title='bbox 1212 3994 1427 4057; x_wconf 82' lang='lat' dir='ltr'><strong>Alexandrinus</strong></span> <span class='ocrx_word' id='word_1_349' title='bbox 1440 4000 1469 4053; x_wconf 90' lang='lat' dir='ltr'><strong>et</strong></span> <span class='ocrx_word' id='word_1_350' title='bbox 1487 3996 1550 4054; x_wconf 78' lang='lat' dir='ltr'><strong>dn-</strong></span> 
     </span>
     <span class='ocr_line' id='line_1_41' title="bbox 483 4070 1551 4155; baseline 0.004 -23"><span class='ocrx_word' id='word_1_351' title='bbox 483 4072 638 4133; x_wconf 91' lang='lat' dir='ltr'><strong>tioehenus</strong></span> <span class='ocrx_word' id='word_1_352' title='bbox 652 4077 801 4152; x_wconf 83' lang='lat' dir='ltr'><strong>episcopus</strong></span> <span class='ocrx_word' id='word_1_353' title='bbox 818 4070 958 4137; x_wconf 82' lang='lat' dir='ltr'><strong>baberent</strong></span> <span class='ocrx_word' id='word_1_354' title='bbox 970 4085 1152 4155; x_wconf 81' lang='lat' dir='ltr'><strong>potestatem.</strong></span> <span class='ocrx_word' id='word_1_355' title='bbox 1168 4081 1214 4141; x_wconf 76' lang='lat' dir='ltr'><strong>An</strong></span> <span class='ocrx_word' id='word_1_356' title='bbox 1230 4094 1289 4138; x_wconf 91' lang='lat' dir='ltr'><strong>non</strong></span> <span class='ocrx_word' id='word_1_357' title='bbox 1303 4077 1349 4137; x_wconf 90' lang='lat' dir='ltr'><strong>his</strong></span> <span class='ocrx_word' id='word_1_358' title='bbox 1362 4076 1433 4137; x_wconf 91' lang='lat' dir='ltr'><strong>locis</strong></span> <span class='ocrx_word' id='word_1_359' title='bbox 1447 4094 1551 4137; x_wconf 89' lang='lat' dir='ltr'><strong>corum</strong></span> 
     </span>
     <span class='ocr_line' id='line_1_42' title="bbox 484 4155 1551 4240; baseline 0.006 -27"><span class='ocrx_word' id='word_1_360' title='bbox 484 4155 685 4233; x_wconf 88' lang='lat' dir='ltr'><strong>episcoporum</strong></span> <span class='ocrx_word' id='word_1_361' title='bbox 703 4156 883 4219; x_wconf 89' lang='lat' dir='ltr'><strong>territorium</strong></span> <span class='ocrx_word' id='word_1_362' title='bbox 900 4161 964 4219; x_wconf 87' lang='lat' dir='ltr'><strong>est?</strong></span> <span class='ocrx_word' id='word_1_363' title='bbox 981 4163 1132 4221; x_wconf 88' lang='lat' dir='ltr'><strong>Postremo</strong></span> <span class='ocrx_word' id='word_1_364' title='bbox 1146 4162 1242 4240; x_wconf 88' lang='lat' dir='ltr'><strong>ipsum</strong></span> <span class='ocrx_word' id='word_1_365' title='bbox 1260 4156 1406 4219; x_wconf 80' lang='lat' dir='ltr'><strong>territorii</strong></span> <span class='ocrx_word' id='word_1_366' title='bbox 1427 4160 1551 4221; x_wconf 86' lang='lat' dir='ltr'><strong>vocabu·</strong></span> 
     </span>
     <span class='ocr_line' id='line_1_43' title="bbox 484 4235 1549 4325; baseline 0.007 -28"><span class='ocrx_word' id='word_1_367' title='bbox 484 4235 546 4297; x_wconf 89' lang='lat' dir='ltr'><strong>lum</strong></span> <span class='ocrx_word' id='word_1_368' title='bbox 569 4254 703 4318; x_wconf 86' lang='lat' dir='ltr'><strong>expresse</strong></span> <span class='ocrx_word' id='word_1_369' title='bbox 714 4248 857 4301; x_wconf 89' lang='lat' dir='ltr'><strong>memorat</strong></span> <span class='ocrx_word' id='word_1_370' title='bbox 870 4241 1002 4304; x_wconf 89' lang='lat' dir='ltr'><strong>Zosimus</strong></span> <span class='ocrx_word' id='word_1_371' title='bbox 1015 4246 1048 4305; x_wconf 87' lang='lat' dir='ltr'><strong>P.</strong></span> <span class='ocrx_word' id='word_1_372' title='bbox 1065 4262 1110 4325; x_wconf 88' lang='lat' dir='ltr'><strong>ep.</strong></span> <span class='ocrx_word' id='word_1_373' title='bbox 1129 4242 1239 4323; x_wconf 79' lang='lat' dir='ltr'><strong>bupud</strong></span> <span class='ocrx_word' id='word_1_374' title='bbox 1259 4241 1366 4303; x_wconf 80' lang='lat' dir='ltr'><strong>labbei</strong></span> <span class='ocrx_word' id='word_1_375' title='bbox 1384 4237 1452 4302; x_wconf 83' lang='lat' dir='ltr'><strong>coll.</strong></span> <span class='ocrx_word' id='word_1_376' title='bbox 1468 4258 1549 4304; x_wconf 82' lang='lat' dir='ltr'><strong>cece.</strong></span> 
     </span>
    </p>
   </div>
   <div class='ocr_carea' id='block_1_5' title="bbox 0 0 1808 5625">
    <p class='ocr_par' dir='ltr' id='par_1_6' title="bbox 0 0 1808 5625">
     <span class='ocr_line' id='line_1_44' title="bbox 0 0 1808 5625; baseline 0 0"><span class='ocrx_word' id='word_1_377' title='bbox 0 0 1808 5625; x_wconf 95' lang='lat' dir='ltr'><strong> </strong></span> 
     </span>
    </p>
   </div>
  </div>
 </body>
</html>
