3575 5625
473 472 519 598 ’κ

691 617 887 688 ...55-

241 784 321 828 rum
338 764 552 836 ordinationes,
571 765 603 828 id
623 783 690 828 oum
713 767 798 828 venia
816 776 846 828 et
863 767 1034 830 auctoritate
1054 767 1132 830 sedis
1150 769 1321 850 Apostoliea

241 851 360 910 laetum
373 857 427 910 est.
443 852 486 910 lta
500 848 693 928 metropolitis
712 849 889 928 Aquilejensi
905 859 935 910 et
947 849 1170 922 Mediolanensi,
1189 853 1268 930 quod
1282 854 1321 914 ob

244 929 454 992 difficultatem
476 930 590 992 itineris
613 930 831 992 incommodum
852 940 927 992 esset
949 951 998 993 eos
1021 931 1058 994 ab
1076 931 1242 1016 Apostolico
1268 953 1319 996 or-

246 1013 363 1090 dinari,
380 1013 556 1092 permissum
570 1020 631 1088 est,
643 1022 677 1073 ut
688 1013 743 1094 ipsi
757 1031 819 1074 sese
832 1013 1150 1090 iuvieemordimrent,
1164 1016 1320 1097 Pelagius!

246 1095 283 1154 in
301 1097 427 1176 Froym.
446 1113 493 1177 66.
512 1093 553 1156 ad
566 1096 716 1156 loannem
735 1095 905 1156 Patricium
920 1095 954 1157 iu
973 1104 1044 1157 tom.
1063 1098 1081 1158 6
1096 1095 1198 1158 concii.
1214 1097 1320 1160 labbei

246 1173 310 1236 cot.
326 1175 446 1238 18666.
471 1179 570 1238 Veoat.
586 1177 672 1253 Quod
691 1176 764 1238 adeo
783 1195 886 1238 verum
903 1186 964 1251 est,
987 1187 1020 1238 ut
1034 1178 1064 1238 in
1082 1178 1129 1240 his
1142 1197 1258 1258 quoque
1272 1199 1320 1241 eo-

247 1259 349 1319 clesiis
363 1260 486 1320 Romani
505 1258 660 1320 Pontifices
673 1258 721 1337 jus
740 1277 825 1320 suum
839 1259 1030 1341 agnoverint,
1045 1268 1075 1320 et
1094 1264 1271 1341 Gregorii.
1288 1269 1321 1322 ut

245 1346 333 1419 petet
347 1359 384 1402 ex
407 1341 492 1422 66661.
509 1342 549 1402 50
564 1338 648 1402 tias
667 1359 734 1422 666.
751 1349 821 1402 tora.
844 1338 932 1403 6661.
951 1342 1010 1402 616
1030 1340 1075 1402 ed.
1098 1343 1201 1404 Pons.
1222 1344 1319 1418 1705,

249 1425 396 1483 ioannem
408 1422 620 1484 subdiaconum
635 1422 763 1504 legatum
781 1423 909 1499 miserit,
925 1430 959 1484 ut
973 1423 1181 1485 Mediolanensi
1195 1424 1320 1504 episcopi

250 1505 388 1565 electioni
401 1513 554 1584 praeesset,
567 1513 596 1565 et
610 1506 741 1581 Nostra,
758 1506 871 1583 inquit,
885 1505 1073 1566 auctoritatis
1083 1525 1207 1568 assensa
1221 1526 1239 1566 a
1247 1525 1321 1589 pro-

246 1585 330 1668 priis
356 1587 501 1670 66166666
524 1584 625 1670 [aciae
652 1606 831 1650 6666666666.
858 1587 1000 1649 Similiter
1026 1586 1144 1649 ecclesia
1174 1593 1321 1650 Ravenna·

249 1669 360 1744 tensis,
385 1687 452 1749 quae
473 1673 500 1732 V
522 1669 626 1731 saeculo
649 1689 666 1730 a
690 1687 804 1730 summo
830 1669 971 1730 Pontifiee
990 1670 1159 1748 metropolis
1184 1678 1227 1731 est
1250 1688 1322 1730 eon·

250 1751 373 1828 stituta,
391 1751 468 1812 illius
483 1750 660 1814 ordinationi
683 1750 909 1830 subjiciebatur,
927 1752 971 1811 uti
991 1751 1137 1832 colligitur
1155 1770 1191 1812 ex
1211 1753 1322 1813 loauue

252 1835 404 1894 11666666
414 1833 502 1912 episc.
516 1831 548 1893 in
561 1833 646 1915 epsbt.
662 1830 704 1893 ad
714 1835 834 1914 666666.
850 1835 895 1894 M.
912 1828 962 1894 lib.
980 1833 1056 1916 566.
1073 1834 1112 1896 tt
1127 1831 1182 1895 661.
1199 1832 1322 1895 57061.

253 1912 324 1990 ed„
340 1922 370 1974 et
388 1915 508 1996 Agnalia
526 1915 559 1976 16
579 1915 634 1976 vit.
654 1915 826 1976 Mariniooi
841 1934 913 1998 par.
937 1917 958 1976 2
977 1933 1051 1997 poa.
1070 1918 1144 1994 201,
1166 1922 1196 1976 ct
1215 1917 1248 1976 io
1267 1913 1321 1976 ait.

256 1992 533 2080 7116661666519
549 2016 620 2079 par.
637 1994 715 2058 bed.
738 1996 869 2073 Matio„
891 2015 980 2076 quem
1000 1997 1032 2057 iu
1053 1997 1150 2059 laeum
1174 1997 1322 2059 Bacchiuii

251 2085 334 2140 notu
346 2079 480 2140 ridenda
494 2086 574 2140 sunt.
598 2080 804 2160 Episcoporum
817 2079 1030 2154 ordinationes,
1049 2099 1114 2159 quar
1134 2099 1150 2141 a
1170 2083 1322 2143 11666666-

253 2161 332 2222 teusi
344 2162 528 2241 metropolita
542 2159 668 2238 fiebant,
679 2161 790 2240 judicio
803 2162 880 2222 sedis
894 2161 1065 2240 Apostoiiaae
1078 2161 1221 2245 subjectos
1233 2162 1323 2222 tuisse

254 2249 369 2304 constat
390 2262 426 2304 ex
447 2243 596 2322 Simplicio
612 2262 658 2324 ep.
680 2247 699 2305 2
722 2242 763 2306 ad
779 2248 929 2307 Ioannem
948 2247 1058 2305 licaeo.
1079 2253 1148 2306 6666.
1177 2247 1194 2306 b
1217 2241 1320 2305 666611.

253 2321 313 2387 661.
330 2327 369 2386 st
388 2322 454 2387 6611.
478 2325 595 2386 labbei.
612 2329 645 2387 ln
665 2325 728 2388 aliis
748 2344 864 2405 quoquc
887 2325 1044 2404 provinciis
1060 2324 1108 2404 jus
1129 2326 1208 2386 idem
1220 2325 1321 2400 luisse,

256 2416 292 2468 ut
309 2411 511 2488 episcoporum
529 2407 755 2468 ordinationesa
773 2407 850 2469 sedis
872 2408 1043 2485 Apostoliccc
1062 2409 1233 2468 aumoritate
1247 2425 1323 2486 peu-

254 2491 377 2568 dereut,
397 2497 508 2551 constat
522 2508 557 2552 cx
572 2490 685 2551 vicariis
698 2490 860 2568 apostolicis
874 2488 1177 2551 Thessalonicensibus
1185 2507 1239 2570 per
1253 2489 1324 2568 llly-

255 2573 351 2651 rium‚
374 2573 504 2650 itemque
518 2589 553 2632 ex
567 2571 671 2633 iisdem
688 2571 803 2632 vicariis
823 2573 855 2633 iu
874 2572 975 2634 Galliis
993 2581 1022 2632 ct
1041 2574 1072 2632 in
1092 2572 1323 2652 6631166666ιί-

254 2655 340 2716 tutis.
355 2655 462 2717 Conier
473 2655 569 2717 Cirieii
581 2671 627 2735 66.
640 2652 835 2736 oddayat'um
851 2650 1021 2716 Thessalae.
1034 2654 1114 2736 apud
1123 2653 1323 2716 coustantium

254 2735 315 2798 661.
329 2739 405 2815 616,
423 2745 527 2817 atque,
545 2744 578 2796 ut
591 2736 705 2796 mittam
725 2739 824 2798 luuoc.
842 2738 869 2813 1,
890 2736 1047 2814 Boniiaeii,
1068 2736 1157 2813 Sixti,
1176 2734 1323 2798 Caelestini

253 2820 386 2895 litteras,
402 2823 527 2881 1666666
548 2822 587 2880 li.
604 2837 652 2901 66.
675 2822 692 2880 6
711 2822 813 2900 comt
834 2815 889 2881 661.
911 2820 985 2895 618,
1004 2824 1032 2879 et
1050 2836 1094 2901 66.
1110 2821 1128 2878 6
1143 2838 1210 2912 666.
1231 2814 1322 2878 6661.

256 2904 315 2963 eut
341 2921 410 2984 666.
431 2910 500 2987 tacto.
521 2906 534 2963 1
558 2898 627 2962 adit.
645 2896 812 2977 1161166166
834 2898 941 2960 Bedam
963 2898 1066 2962 166166.
1090 2895 1280 2983 inaltabit.
1303 2900 1323 2959 2

255 2987 385 3067 666.,18
397 3002 465 3066 666.
488 2991 559 3045 teca.
576 2985 594 3043 5
612 3002 683 3065 paq.
704 2982 742 3044 67
758 2980 804 3044 ad.
825 2980 1057 3045 6661661665.
1075 2983 1156 3043 idem
1178 2982 1209 3042 in
1227 2981 1324 3043 birico

252 3068 304 3147 jus
317 3067 422 3143 fuisse,
439 3066 523 3127 docet
540 3065 660 3127 Sinicius
714 3110 721 3124 .
749 3062 791 3125 ad
808 3062 895 3145 epac.
914 3062 1007 3146 Afric.
1027 3063 1105 3143 apud
1123 3063 1324 3126 coustantium

254 3146 313 3211 col.
335 3150 462 3227 661,16
484 3166 572 3227 quam
595 3147 686 3226 episto
698 3166 744 3208 am
762 3145 907 3207 videndus
928 3155 972 3207 eat
993 3147 1048 3225 ipsi
1073 3146 1273 3217 coustantius,
1295 3152 1325 3205 et

255 3229 386 3292 videnda
409 3230 557 3309 inprimis
577 3238 664 3306 sunt,
684 3247 751 3309 quae
773 3229 902 3309 graviter
918 3237 949 3288 et
968 3228 1106 3309 preclare
1120 3226 1325 3287 animadvertit

257 3312 305 3376 cl.
328 3314 459 3375 zaccaria
480 3308 683 3373 Anti-Februa.
698 3330 768 3393 par.
785 3308 867 3371 stit.
885 3312 898 3371 1
918 3328 984 3393 cap.
1001 3312 1022 3371 t
1039 3328 1122 3371 nam.
1144 3308 1324 3387 15166666

257 3396 357 3457 blecca
377 3392 517 3456 concord.
539 3391 655 3456 sacerd.
675 3402 703 3454 et
722 3394 828 3475 imper.
852 3388 902 3453 tt.
920 3395 935 3455 1
955 3411 1023 3474 666.
1051 3389 1113 3472 76.
1135 3394 1169 3468 1,
1188 3392 1221 3466 5,
1239 3389 1324 3451 766-

257 3476 373 3551 iendit,
396 3476 594 3537 ordinationes
612 3476 812 3555 episcoporum
829 3492 986 3553 causasque
1002 3473 1126 3553 majores
1144 3474 1181 3535 ad
1206 3472 1254 3551 jus
1272 3492 1325 3551 pa·

259 3556 452 3620 triarchicum
473 3559 637 3637 pertinere3
663 3557 787 3636 ideoque
805 3555 867 3634 ejus
883 3558 971 3617 etiam
994 3574 1129 3617 concessu
1142 3556 1239 3618 omnia
1262 3554 1326 3616 bue

259 3642 315 3701 uui
339 3640 472 3701 Pontifici
487 3640 518 3699 iu
533 3640 683 3701 occidente
696 3638 821 3700 adscribi
832 3636 951 3700 debent.
975 3639 1051 3701 Vide
1065 3640 1195 3701 lilascum
1206 3636 1242 3699 de
1255 3634 1323 3699 6611.

258 3720 373 3785 Isidos.
389 3742 455 3805 666.
471 3724 490 3782 9
512 3720 599 3865 6.1;
622 3722 785 3783 zaccariam
803 3718 858 3783 166.
875 3722 926 3781 ait.
942 3739 1008 3803 666.
1029 3723 1063 3799 5,
1088 3728 1118 3780 et
1137 3720 1264 3784 Corlium
1278 3716 1326 3781 dei

261 3804 375 3867 Diritta
385 3813 515 3887 metropo
528 3803 594 3865 iiico
606 3822 675 3886 666.
692 3812 760 3865 ioca.
779 3805 818 3865 16
829 3822 901 3886 paq.
922 3805 983 3865 272
997 3800 1041 3864 ed.
1055 3800 1218 3865 Mediolani
1231 3804 1323 3864 1786.

299 3960 343 4043 (5)
363 3962 502 4038 Consule,
525 3980 590 4041 quae
604 3979 690 4040 supra
705 3960 766 4021 dixi
787 3958 838 4023 116.
860 3962 873 4021 1
892 3960 937 4021 tit.
954 3963 972 4021 5
997 3968 1066 4022 scat.
1084 3963 1096 4021 1
1124 3958 1151 4040 6.
1177 3961 1215 4021 18
1229 3960 1324 4020 noti

256 4062 331 4127 666.
349 4046 423 4117 166,
440 4052 469 4104 et
491 4043 558 4104 vide
579 4044 666 4104 etiam
680 4044 810 4105 Blascum
825 4041 877 4105 loa.
893 4042 942 4104 cit.
964 4062 992 4103 6.
1008 4045 1047 4104 10
1060 4042 1086 4124 6.
1104 4041 1324 4117 l3Bianchium

257 4134 332 4187 tom.
356 4128 463 4207 6666.
487 4128 500 4187 1
526 4123 714 4206 666161
740 4144 810 4207 pay.
840 4127 900 4187 590
921 4143 982 4207 seq.
1006 4132 1036 4185 et
1063 4125 1106 4187 Cl.
1130 4121 1324 4185 lismacbium

256 4207 303 4271 aa
325 4211 449 4271 dacter.
474 4226 521 4290 66.
551 4205 631 4286 Quid
652 4215 695 4270 ast
712 4209 822 4290 Papa?
841 4225 886 4290 66.
913 4208 931 4268 5
957 4214 1028 4268 tom.
1051 4209 1153 4287 1666.
1178 4206 1238 4265 tlt
1261 4220 1321 4286 seq.
