3575 5625
872 693 1069 764 ...64-

431 837 497 898 cilio
512 837 661 917 depositus
672 839 783 915 fuerat,
803 849 904 901 narrat
921 844 1053 903 Socrates
1074 838 1144 901 bist.
1162 836 1213 900 lib.
1228 841 1247 900 4
1260 855 1327 919 cap.
1344 839 1386 898 40
1397 856 1430 919 p.
1446 840 1506 899 454

430 918 477 980 erl.
498 918 612 983 Valerii
630 919 801 1005 Cantabriq.
826 923 920 999 4740,
947 941 1016 984 eam
1037 923 1137 985 libello
1157 938 1342 999 provocassc3
1365 928 1508 999 preterea

431 1003 591 1082 Sylvanum
617 1006 739 1067 Troadis
765 1004 933 1083 episcopum
958 1004 1184 1085 supplicantium
1207 1003 1322 1065 libellos
1346 1002 1506 1080 accepisse,

429 1089 531 1166 eisque
547 1085 676 1164 judicem
702 1087 833 1162 dedisse,
855 1087 958 1149 scribit
979 1088 1059 1148 idern
1084 1093 1216 1151 Socrates
1240 1084 1290 1147 ab.
1325 1088 1343 1147 7
1366 1103 1433 1165 cap.
1468 1086 1507 1147 57

426 1188 501 1251 pap.
519 1170 591 1229 588.
609 1170 693 1230 Unde
708 1168 915 1249 intelligimus,
930 1188 963 1230 ea
974 1169 1035 1249 jam
1057 1178 1141 1233 etate
1156 1168 1187 1229 in
1207 1166 1407 1229 ecelesiasticis
1424 1165 1508 1244 judi·

430 1251 482 1311 ciis
504 1250 650 1311 adhibitas
664 1251 752 1311 luisse
767 1252 980 1327 solemnitates,
997 1270 1063 1329 quas
1080 1253 1110 1313 in
1125 1250 1260 1312 civilibus
1277 1248 1505 1310 adhibebantur.

471 1332 512 1413 (5)
533 1330 652 1394 Novell.
676 1336 714 1394 55
733 1351 798 1415 cap.
823 1335 854 1409 5,
874 1352 963 1413 quam
981 1334 1073 1394 relect
1092 1335 1247 1397 Gratianus
1265 1350 1335 1393 con.
1357 1334 1376 1392 4
1399 1348 1466 1411 cop.
1488 1332 1507 1390 5

430 1434 483 1497 qu.
505 1416 523 1474 5
538 1412 565 1495 5.
586 1412 747 1497 offeretur.
769 1416 893 1477 Consule
909 1415 1058 1496 Cujaeium
1074 1414 1107 1476 ia
1129 1410 1226 1477 eamd.
1242 1410 1360 1476 Novell.
1383 1414 1422 1475 55
1436 1430 1505 1494 opp.

432 1504 502 1557 toas.
516 1498 535 1557 4
549 1492 603 1557 col.
618 1500 672 1558 964
689 1504 716 1558 ct
727 1498 787 1559 964
799 1495 846 1559 ad.
861 1497 915 1558 cit.

479 1652 510 1755 §.
539 1653 581 1723 ll.
611 1652 754 1725 Libellus
786 1651 837 1723 rel
873 1651 1156 1741 ,conventionalia
1200 1651 1253 1722 rel
1294 1654 1509 1723 accusatorius

430 1770 490 1825 est.
522 1740 770 1823 Consentio'nali
800 1752 926 1821 utimur
965 1752 1000 1821 in
1033 1749 1180 1821 civilibus
1214 1751 1373 1844 negotiis,
1409 1774 1509 1820 accu-

429 1853 546 1923 satorio
593 1852 629 1919 in
679 1851 780 1921 causis
823 1847 1062 1936 criminalibus,
1102 1872 1179 1918 eam
1231 1871 1325 1917 ream
1365 1849 1510 1917 criminis

430 1948 517 2045 apud
541 1947 687 2045 judicem
722 1972 919 2017 accusamus.
949 1944 1064 2016 Clarus
1095 1960 1129 2016 et
1157 1945 1361 2017 obscuritatis
1396 1970 1512 2042 expers

430 2046 560 2116 libellus
582 2059 722 2140 uterque
753 2068 820 2115 esse
854 2043 972 2132 debet,
1001 2042 1157 2140 quodque
1187 2045 1311 2142 petitur
1340 2046 1511 2141 persicae

431 2140 683 2239 significandum
718 2156 768 2213 est
807 2141 873 2238 (l).
913 2140 991 2213 Non
1032 2142 1121 2211 enim
1162 2142 1360 2213 subobscuro
1398 2139 1422 2210 li
1463 2138 1510 2212 llo

433 2240 630 2337 respondere
662 2264 735 2311 reus
765 2241 911 2333 cogitur,
945 2255 979 2309 et
998 2237 1103 2338 judex
1126 2257 1214 2313 recte
1242 2254 1350 2337 potest
1377 2240 1512 2339 rejicere

432 2336 601 2427 libellum,
636 2338 671 2407 in
708 2361 775 2435 quo
802 2362 870 2410 non
897 2339 1008 2408 omnia
1031 2334 1175 2409 dilucide
1201 2353 1235 2410 et
1268 2336 1427 2435 explicate
1454 2336 1511 2408 de·

437 2437 615 2508 clarentur.

475 2594 517 2677 ll)
541 2597 613 2677 Gap.
627 2593 693 2657 lde
704 2590 793 2656 libell.
806 2592 895 2657 oblat.

483 2726 513 2830 i.
542 2726 604 2797 Ill.
633 2729 782 2824 Antiqua
814 2726 894 2798 lure
928 2726 1151 2798 Romanorum
1191 2741 1290 2798 certae
1326 2750 1364 2796 ac
1396 2724 1513 2798 solem·

436 2853 492 2898 nes
531 2842 625 2896 erant
654 2827 837 2898 constitute
869 2824 1039 2917 lormulae,
1077 2850 1152 2897 cum
1186 2823 1305 2921 quibus
1334 2827 1418 2897 actio
1458 2827 1515 2896 in·

435 2927 527 2995 stitui
551 2922 692 2995 debebat
719 2939 753 2994 ct
783 2949 835 2994 aas
867 2939 957 2995 actor
991 2949 1009 2993 a
1039 2938 1180 3021 praetore
1205 2921 1412 3018 impetrabat.
1445 2921 1513 2994 Sed

436 3038 565 3120 postca,
601 3020 734 3093 sublatis
782 3021 973 3116 ambagibus
1011 3036 1046 3091 et
1084 3021 1316 3092 subtilitatibus
1358 3020 1514 3091 formula·

437 3147 511 3191 rum
544 3120 619 3217 (l),
647 3120 770 3216 placuit
803 3118 915 3192 libello
945 3121 1127 3215 exprimere
1160 3144 1280 3213 genus,
1309 3121 1450 3214 speciem
1480 3136 1515 3190 et

437 3243 559 3290 nomen
592 3220 725 3289 actionis
794 3242 824 3291 ae
854 3220 889 3289 in
912 3216 1076 3314 judicium
1100 3216 1317 3288 deduceretur
1345 3216 1413 3314 (4)
1450 3214 1514 3288 lle·

437 3341 511 3387 rum
539 3315 716 3388 decretales
773 3343 792 3388 e
825 3313 1040 3410 exprimendo
1078 3316 1212 3387 nomiae
1254 3316 1409 3404 actionis,
1447 3340 1513 3411 qua

438 3417 512 3510 quis
544 3438 661 3484 usurus
699 3429 766 3502 est,
806 3438 877 3486 non
908 3412 1089 3486 admodum
1123 3411 1290 3500 laborant,
1328 3412 1429 3484 modo
1461 3439 1514 3483 res

437 3513 505 3607 ipso
538 3513 582 3580 ita
611 3510 697 3581 clare
726 3525 868 3607 apteque
901 3527 1126 3609 proponatur,
1161 3526 1200 3581 ut
1231 3537 1270 3582 ex
1302 3536 1340 3582 ea
1368 3511 1423 3609 jus
1450 3534 1514 3606 pe·

437 3611 537 3679 tentis
562 3607 771 3679 manifestum
791 3610 834 3679 sit
850 3607 919 3705 (5).

480 3779 506 3856 (4
544 3783 576 3841 4..
596 3783 609 3841 4
629 3788 658 3841 et
673 3783 691 3842 4
706 3777 770 3842 cod.
786 3777 822 3842 de
837 3778 972 3844 Fornacal.
988 3791 1018 3844 et
1030 3781 1148 3864 impete.
1164 3787 1223 3842 act.
1238 3777 1349 3842 rottae.

481 3859 511 3942 (4
545 3865 578 3923 L.
603 3863 621 3924 5
648 3860 713 3924 cod.
737 3861 772 3925 de
792 3861 906 3940 Edea.,·
926 3866 960 3927 L.
983 3861 1032 3924 alt
1065 3862 1128 3924 cod.
1151 3859 1188 3924 de
1209 3861 1363 3923 Interdict.
1389 3862 1515 3924 consule

440 3943 589 4023 Cujacium
603 3944 636 4005 ia
653 3962 721 4026 cap.
741 3946 760 4005 6
785 3941 820 4005 de
835 3943 936 4028 judic.
962 3963 1032 4028 opp.
1050 3955 1121 4007 mm.
1143 3947 1162 4006 6
1185 3942 1242 4006 col.
1261 3946 1320 4005 765
1339 3952 1368 4006 et
1384 3946 1445 4005 764
1466 3942 1512 4007 ed.

438 4025 553 4088 Mutia.
570 4043 624 4087 scu
641 4027 741 4088 Vcact.
759 4027 850 4089 4778.

479 4107 521 4188 (5)
544 4109 617 4190 Cap.
637 4111 655 4169 6
679 4105 716 4170 dc
737 4105 836 4171 ludia.
861 4109 969 4172 Coaler
986 4110 1143 4171 Donellurn
1167 4106 1204 4170 dc
1226 4112 1298 4172 Jur.
1324 4108 1381 4170 cio.
1401 4104 1453 4168 lib.
1473 4109 1514 4169 45

438 4207 506 4332 zap.
521 4185 658 4336 malt.
678 4187 734 4253 col.
752 4191 805 4270 64,
822 4191 924 4271 ibique
937 4191 1112 4276 llilligcram
1126 4189 1159 4251 ia
1173 4197 1235 4253 aot.
1253 4209 1323 4274 opp.
1340 4199 1410 4252 mm.
1428 4192 1514 4253 6cit.
