3575 5625
1281 482 1356 607 Q

867 666 1065 737 ...58-

477 820 512 921 )
537 815 631 889 ΧΙΙΙ.
666 816 754 886 Reus
783 830 893 886 sutem
923 816 989 885 sive
1021 816 1055 884 in
1090 814 1327 905 ecclesiasticis,
1366 816 1431 889 sive
1468 820 1505 888 iu

428 918 575 989 civilibus
609 912 740 1014 judiciis
777 938 815 985 ex
862 928 1004 1009 quatuor
1046 915 1228 1011 presertim
1269 916 1371 985 causis
1413 915 1503 985 aud

426 1033 553 1088 eertum
586 1011 734 1111 judicem
769 1010 877 1082 sorum
909 1008 1027 1101 habet,
1062 1012 1219 1083 nimirum
1251 1036 1290 1083 ex
1313 940 1501 1103 domioiiio,

428 1140 468 1187 ex
494 1126 684 1199 contractu,
713 1135 752 1181 ex
783 1134 818 1179 re
850 1110 929 1197 sita,
959 1132 999 1179 ex
1024 1106 1143 1181 delicto
1178 1108 1247 1207 (1).
1273 1109 1503 1200 Domieilium‚

426 1214 556 1282 sicum
584 1206 724 1280 naturali
748 1208 873 1303 origine
900 1206 1112 1303 conjunctum
1150 1232 1219 1279 non
1249 1209 1309 1298 sit,
1345 1206 1409 1281 tale
1438 1234 1507 1280 esse

428 1310 547 1397 debet,
585 1322 623 1377 ut
655 1305 827 1377 manifesto
858 1319 986 1376 constet
1015 1303 1098 1375 illud
1126 1320 1217 1377 eerto
1245 1306 1280 1375 in
1307 1306 1378 1378 loeo
1408 1306 1507 1378 fuisse

428 1409 657 1479 constitutum.
688 1403 773 1475 Nam
802 1401 868 1474 sola
894 1400 1050 1472 habitatio
1074 1427 1143 1474 non
1168 1406 1337 1493 catastis,
1370 1419 1409 1475 ut
1440 1402 1505 1475 do-

428 1505 540 1575 micilii
583 1504 659 1601 jura
709 1502 939 1598 acquirantur3
990 1499 1048 1570 sed
1097 1515 1258 1598 preterea
1304 1502 1503 1598 requiritur,

427 1602 519 1699 quod
555 1602 627 1697 quis
654 1601 689 1669 in
724 1614 814 1671 certo
849 1597 922 1669 loeo
965 1622 1025 1693 per
1054 1596 1252 1669 deoeunium
1286 1614 1507 1672 oommoratus

427 1700 540 1771 sedem
575 1699 719 1795 posuerit
754 1694 828 1793 (ἓ),
861 1712 919 1767 aut
945 1694 990 1765 ibi
1020 1695 1129 1769 fixerit
1151 1712 1187 1767 et
1215 1695 1388 1787 locaverit²
1413 1722 1507 1767 nun·

427 1824 526 1894 quam
557 1795 637 1866 inde
676 1792 863 1865 discedendi
896 1795 1029 1884 animo,
1061 1792 1144 1864 lares
1175 1810 1209 1865 et
1241 1818 1401 1865 summam
1433 1794 1505 1866 ior-

425 1910 581 1966 tunarum
611 1892 677 1989 (5).
718 1891 844 1963 Praeter
877 1890 940 1962 hoe
969 1894 1129 1990 cujusque
1157 1891 1330 1988 proprium
1363 1892 1505 1964 domici·

426 1992 529 2079 lium,
567 1990 626 2062 Jus
660 1990 846 2060 Romanum
884 1987 974 2059 eliud
1011 1990 1108 2059 etiam
1144 1993 1290 2085 agnoseit
1327 2014 1505 2062 commune

428 2088 603 2177 omnibus,
637 2085 738 2182 idque
759 2089 827 2183 ipsa
859 2084 966 2156 Roma
988 2101 1058 2156 erat
1085 2085 1152 2184 (4).
1183 2085 1295 2172 Quare
1323 2089 1505 2184 unusquis·

455 2212 495 2257 ue
530 2185 575 2256 ibi
605 2199 754 2279 repertus
773 2183 947 2269 vconveniri
977 2198 1126 2280 poterat,
1154 2186 1216 2255 nisi
1241 2186 1298 2285 jus
1330 2185 1504 2257 revocandi

428 2212 566 2354 iomum
605 2280 738 2351 haberet
778 2280 845 2378 (5).
883 2280 989 2351 Simili
1025 2280 1125 2353 modo
1162 2281 1269 2353 elerici
1297 2282 1411 2355 Rome
1447 2308 1505 2355 re-

428 2384 535 2477 perti,
571 2380 633 2451 nisi
679 2378 719 2449 ad
754 2403 825 2449 eam
867 2380 1016 2450 venerint
1053 2404 1093 2450 ex
1132 2380 1223 2477 justu
1260 2396 1295 2451 et
1321 2382 1505 2452 'necessaria

429 2504 536 2567 causa,
576 2492 712 2574 propter
744 2501 843 2573 quam
884 2475 1056 2548 revocandi
1093 2476 1230 2550 domum
1254 2479 1310 2577 jus
1338 2477 1502 2567 habeant,

425 2575 551 2674 judicio
585 2576 688 2645 vocati
716 2572 915 2670 respondere
943 2591 1125 2669 eoguntur,
1164 2580 1320 2671 quoniam
1350 2601 1503 2649 eommu-

430 2676 479 2744 nis
501 2674 650 2745 omnium
664 2670 856 2745 elericorum
877 2674 982 2771 patria
1013 2672 1119 2746 Roma
1143 2690 1192 2745 est
1219 2673 1288 2770 (6)

484 2859 512 2938 i)
535 2861 608 2941 Cap.
622 2856 679 2920 uit.
692 2853 728 2921 'de
740 2861 811 2920 For.
827 2877 888 2921 com
928 2867 987 2921 ten.

482 2941 511 3020 ἢ)
533 2942 570 3001 L.
583 2945 602 3002 ἱ)
617 2939 680 3002 cod.
698 2939 734 3002 de
748 2939 869 3003 Incolis.
899 2941 936 3002 ib.
958 2945 1007 3005 10.

482 3023 512 3100 5)
533 3025 570 3084 L.
591 3025 609 3084 7
626 3020 689 3083 cod.
713 3020 778 3084 eod.
797 3022 883 3098 Quod
902 3024 927 3084 si
947 3026 1012 3103 quis
1034 3025 1119 3105 plura
1135 3025 1167 3086 iu
1187 3023 1310 3086 disemis
1331 3025 1505 3088 dioecesibus

392 3115 396 3128 ¹
429 3105 535 3166 habeat
553 3104 716 3179 domicilia,
731 3103 809 3184 apud
828 3123 920 3165 unum
939 3124 974 3166 ex
995 3107 1032 3168 iis
1045 3107 1207 3187 quemlibet
1223 3106 1407 3170 ordinarium
1425 3115 1506 3169 reete

427 3189 459 3248 in
470 3188 517 3266 jus
532 3185 683 3248 vocabitur
693 3187 728 3247 L.
745 3187 784 3247 29
798 3183 834 3267 ff.
848 3183 899 3247 od.
922 3187 1067 3271 osunies‘p.
1090 3209 1118 3252 e.
1144 3191 1182 3251 15
1204 3187 1240 3251 de
1254 3192 1324 3250 For.
1340 3198 1502 3272 competes.

429 3273 468 3330 At
491 3265 555 3330 solo
576 3267 683 3329 desnos
700 3267 861 3349 possessio,
887 3285 956 3350 que
976 3269 1010 3329 is
1030 3267 1132 3332 oliam
1152 3269 1272 3332 ciuitate
1293 3280 1501 3354 eomparatur,

428 3346 612 3411 donsiailium
632 3368 692 3409 non
710 3349 799 3426 facit,
820 3357 854 3409 ut
872 3350 964 3410 tmdit
987 3352 1165 3432 Papinianus
1183 3351 1217 3412 io
1238 3353 1272 3413 L.
1300 3354 1339 3414 47
1360 3351 1388 3436 §.
1411 3355 1448 3414 13
1465 3353 1502 3437 ff.

429 3429 470 3492 od
484 3428 660 3532 snuoim'pol.

468 3510 510 3592 (4)
533 3511 566 3570 L.
592 3507 684 3652 05st
705 3505 746 3570 ad
759 3507 953 3592 municipol.‚·
978 3512 1012 3574 L.
1033 3513 1128 3577 Romo
1147 3515 1187 3576 55
1210 3513 1246 3596 ff.
1271 3513 1313 3576 od
1335 3514 1483 3597 municip.
1491 3539 1504 3594 ,·

427 3594 464 3653 L.
477 3609 524 3653 eos
536 3594 565 3652 9.
578 3590 612 3674 ff.
652 3597 772 3651 evocet.
790 3609 876 3653 noos.

469 3673 511 3754 (5)
534 3673 568 3732 h.
585 3669 894 3754 2§.2ff.de1udio.

469 3753 512 3836 (6)
536 3756 608 3835 Cap.
621 3751 678 3814 ult.
692 3752 726 3814 de
739 3757 809 3815 For.
825 3762 985 3837 competes.

475 3929 629 4031 §.X1V.
664 3931 774 4004 Altera
808 3957 920 4026 eausa,
959 3953 1095 4036 propter
1133 3965 1232 4037 quam
1269 3939 1384 4038 aliquis
1429 3965 1506 4012 eer-

430 4047 500 4100 tum
543 4029 642 4101 habet
683 4029 792 4102 sorum
834 4047 868 4102 et
901 4033 1069 4132 judioem,
1101 4053 1150 4108 est
1182 4052 1380 4110 contractus.
1419 4039 1505 4111 Nam

428 4128 485 4198 ubi
508 4129 580 4224 quis
608 4129 788 4217 contraxit,
819 4127 865 4198 ibi
893 4134 1021 4205 actione
1052 4136 1087 4205 in
1119 4159 1292 4231 personam
1315 4161 1389 4207 reus
1414 4161 1507 4232 prae-

427 4249 500 4297 sous
533 4227 726 4300 convenitur
756 4226 823 4326 (1).
856 4227 1056 4312 Siformula
1084 4248 1268 4304 contractus
1303 4232 1412 4304 locum
1436 4259 1507 4305 nou
