3575 5625
680 672 902 744 -121-

251 839 306 881 nos
331 819 521 882 meminimus
544 818 687 880 citavisse.
704 845 718 873 a
744 823 802 881 Has
814 820 972 882 decretales
986 815 1105 899 quidam
1125 819 1164 880 ita
1183 819 1330 899 explicant

250 903 381 982 sjentes‚
404 921 443 964 us
521 898 576 976 cd,
604 909 634 960 et
656 899 699 962 ud
721 900 802 962 idem
821 919 899 980 sepe
923 901 1087 980 essequod
1111 899 1211 982 infru,
1240 908 1273 960 ut
1297 900 1328 960 in

197 1052 204 1062 .
250 1003 279 1044 c.
303 985 323 1043 9
345 981 383 1044 de
401 982 471 1043 F'.
499 981 642 1042 instrum.
668 980 726 1044 Sed
744 982 825 1042 aliud
850 1000 886 1043 ex
912 983 962 1044 eit.
986 1001 1051 1062 cop.
1079 984 1097 1042 6
1124 1001 1182 1042 non
1204 981 1329 1042 obscure

250 1063 505 1141 deprehenditur,
520 1070 554 1123 ut
574 1063 700 1142 proinde
720 1064 776 1124 alio
790 1082 891 1124 earum
914 1063 1104 1124 decretalium
1118 1065 1261 1124 sententia
1278 1064 1328 1122 sit.

248 1145 370 1206 Sdlicet
382 1155 510 1223 unoque
524 1145 589 1204 loeo
605 1162 674 1206 reus
691 1145 795 1207 citatus
813 1145 909 1206 fuerat
928 1145 1009 1224 jussu
1029 1144 1135 1204 summi
1163 1143 1327 1218 Pontificio,

249 1227 304 1304 qui
320 1226 513 1308 derogaverat
525 1225 600 1306 legi,
614 1243 683 1305 quae
696 1225 793 1301 iestis,
812 1225 917 1287 diebus
933 1226 1044 1306 judicia
1057 1225 1187 1286 exerceri
1202 1223 1327 1285 vetabat.

249 1311 393 1368 ceterum
424 1307 617 1368 disertissime
643 1309 801 1388 Gregorius
828 1311 871 1370 tx
893 1308 927 1368 in
951 1307 1003 1368 cit.
1030 1325 1057 1368 e.
1086 1303 1144 1366 ult.
1170 1303 1206 1366 de
1233 1304 1328 1366 Feriis

250 1387 366 1450 debere
382 1388 480 1468 inquit
488 1385 666 1470 judicialem
680 1389 836 1470 strepitum
854 1387 956 1451 dubus
972 1387 1178 1473 conquiescere
1195 1384 1330 1469 seriatim

250 1469 397 1549 idemque
416 1471 479 1548 jam
504 1477 567 1530 erat
588 1478 656 1530 ante
673 1471 850 1551 Gregorium
872 1471 941 1550 jure
963 1470 1102 1530 canonico
1127 1468 1330 1530 constitutum.

251 1553 331 1614 Nam
353 1551 477 1611 canutio
500 1551 740 1630 compendiensi,
761 1551 842 1629 quod
867 1551 1046 1630 descriptum
1072 1558 1116 1610 est
1139 1550 1169 1611 in
1195 1553 1228 1610 G.
1254 1553 1267 1610 i
1296 1546 1332 1609 de

252 1631 369 1709 Feriis,
393 1630 425 1692 t'rr
446 1631 505 1706 eis,
526 1632 624 1710 inquit
643 1632 681 1693 de
698 1633 861 1694 Dominicis
880 1633 1002 1707 diebus,
1023 1639 1190 1692 mereatum
1209 1628 1332 1690 mircimc

253 1710 327 1794 siut,
346 1731 443 1795 neque
462 1711 624 1794 placitum,
643 1714 700 1775 hoc
720 1721 764 1774 est
775 1712 945 1795 judicium,
968 1731 1027 1790 quo
1044 1731 1130 1772 sensu
1156 1711 1230 1772 illud
1247 1727 1333 1772 voea-

255 1793 362 1854 buium
379 1812 458 1874 saepe
480 1802 640 1873 usurpatur
663 1796 695 1856 in
715 1794 925 1874 capitularibus
946 1799 1059 1874 Regum
1080 1797 1275 1862 Francorum,
1301 1792 1333 1852 in

254 1875 373 1956 iegibus
408 1877 633 1955 Ripuariorum,
665 1875 925 1958 Langobardorum
960 1876 1142 1953 aliarumque
1183 1875 1332 1954 gentium,

255 1957 340 2017 unde
352 1965 451 2018 ortum
470 1966 515 2017 est
532 1959 655 2018 verbum
666 1955 816 2053 placitare
822 2002 833 2035 ‚
855 1957 998 2017 nimirum
1010 1955 1122 2034 judicio
1142 1955 1332 2016 contendere.

256 2036 442 2100 ldemhabet
454 2038 610 2099 concilium
624 2039 815 2100 Trrburiense
831 2056 882 2099 uu.
900 2039 960 2098 895
976 2057 1042 2099 con.
1061 2039 1100 2098 55
1119 2045 1190 2097 tom.
1209 2039 1243 2098 it
1263 2054 1334 2097 cou-

256 2116 308 2179 eit.
325 2115 382 2180 coi.
401 2121 477 2197 647,
494 2127 524 2180 ct
540 2120 774 2200 aquisgranense
793 2125 820 2183 11
836 2138 904 2181 rou.
925 2122 964 2180 18
983 2128 1053 2180 tom.
1072 2119 1091 2179 9
1109 2115 1165 2179 coi.
1186 2120 1247 2179 840
1265 2113 1332 2179 coti.

257 2199 367 2262 nahmi
382 2199 454 2262 edit.
472 2203 572 2262 Venet.
593 2201 644 2262 cit.
666 2201 752 2277 Quod
765 2210 864 2264 antem
883 2201 966 2262 addit
985 2201 1158 2280 Gregorius,
1179 2199 1333 2277 judiciales

257 2290 341 2342 aetus
360 2283 443 2343 testis
460 2282 565 2344 diebus
583 2291 679 2363 gestos
693 2285 781 2361 plane
794 2283 895 2343 irritos
912 2299 990 2358 esse,
1006 2281 1036 2342 id
1056 2281 1133 2342 torte
1150 2289 1219 2342 ante
1237 2282 1333 2360 ipsum

257 2363 343 2423 nulio
360 2381 472 2424 mnone
490 2383 626 2443 expresse
645 2372 788 2425 statutum
805 2365 919 2425 iuerat:
958 2381 1114 2440 uumquam
1133 2362 1164 2424 id
1182 2371 1257 2423 esset
1281 2379 1335 2422 no·

257 2444 395 2505 minutim
416 2446 560 2506 sancitum
581 2448 685 2508 adure
702 2446 781 2506 civili
795 2446 828 2508 iu
850 2446 885 2506 L.
904 2447 918 2506 i
935 2383 970 2527 ys.
989 2443 1025 2506 dc
1040 2443 1153 2520 Fertis,
1172 2451 1200 2504 ct
1214 2446 1247 2504 iu
1263 2443 1298 2502 L.
1315 2443 1335 2503 2

258 2523 331 2588 cod.
347 2525 411 2587 cod.
430 2527 489 2588 Sed
504 2524 601 2605 quoad
617 2526 680 2587 dies
700 2527 789 2588 festos
803 2526 961 2607 Gregorius
977 2529 1030 2589 Jus
1046 2525 1130 2586 civile
1150 2523 1333 2600 emendavit,

259 2606 415 2684 quoniam,
433 2626 472 2668 ne
494 2626 560 2668 eum
578 2625 720 2669 consensu
742 2609 863 2688 quidem
884 2608 1078 2688 litigatorum,
1108 2608 1145 2670 iis
1162 2605 1267 2668 diebus
1285 2603 1337 2685 ju·

258 2687 380 2750 dieiates
390 2697 472 2750 actus
482 2688 548 2750 fieri
559 2689 706 2768 permisit.

308 2816 341 2917 §.
370 2817 447 2890 vll.
475 2817 527 2889 Ad
560 2836 703 2892 actorem
741 2821 911 2915 pertinent
947 2822 1170 2917 exceptiones,
1216 2818 1335 2916 quibus

259 2941 336 2987 reus
369 2919 474 2987 utitur
508 2933 621 2989 contra
657 2942 831 3015 personam
872 2921 1008 3005 actoris,
1050 2933 1107 2987 aut
1142 2932 1336 3013 procurato-
1406 2910 1413 2925 ⁶

259 3015 327 3103 ris,
369 3029 409 3083 ut
447 3017 474 3083 si
510 3033 656 3112 opponat
697 3013 915 3105 alterutrum,
957 3014 1011 3087 vel
1050 3030 1228 3109 utrumque
1271 3038 1339 3085 esse

259 3114 598 3198 excommunicatum,
643 3114 887 3211 proscriptum,
934 3110 1120 3209 pupillum,
1172 3126 1229 3179 aut
1277 3110 1338 3181 olio

262 3209 363 3298 uris,
391 3207 444 3278 rel
477 3226 601 3281 natorae
630 3209 887 3305 impedimento,
930 3210 966 3277 in
990 3206 1115 3305 judicio
1147 3221 1230 3277 stare
1258 3231 1339 3303 pro-

287 3304 424 3395 bitum,
449 3322 695 3403 procuratorem
722 3306 879 3377 mandato
909 3330 1040 3395 carere,
1076 3319 1132 3375 aut
1159 3328 1226 3376 non
1253 3319 1339 3377 recte

262 3428 333 3473 esse
348 3420 578 3475 constitutum.

310 3534 345 3635 ς.
375 3535 467 3609 vill.
500 3538 672 3610 Postremo
705 3540 909 3634 exceptiones
937 3552 1050 3609 contra
1077 3536 1224 3635 judicem
1254 3536 1341 3608 (1υο-

261 3635 327 3705 bus
352 3659 391 3705 ex
422 3635 567 3706 fontibus
596 3636 814 3724 hauriuntur,
847 3652 905 3706 aut
934 3638 1008 3732 quia
1030 3659 1098 3707 non
1125 3650 1174 3705 est
1203 3658 1339 3728 compc-

264 3748 357 3820 tens,
395 3735 462 3802 sire
495 3731 677 3826 legitimus,
717 3749 775 3803 aut
837 3734 888 3803 uia
928 3748 1094 3828 suspectus
1130 3746 1190 3801 est.
1235 3730 1341 3801 Judcx

261 3854 335 3901 non
369 3845 576 3926 competens,
615 3832 681 3899 sire
715 3854 783 3900 non
813 3759 981 3924 ‘deguimus
1015 3827 1070 3898 illc
1103 3829 1239 3917 dicitur,
1283 3832 1341 3923 qui

262 3924 319 3997 rel
343 3942 432 3997 extra
459 3928 660 3997 territorium
694 3952 789 3996 suum
814 3929 870 4024 jus
909 3926 1008 4013 dicit,
1042 3924 1092 3997 vel
1122 3928 1207 3996 inter
1230 3924 1341 3995 homi-

261 4048 325 4095 nes
348 4024 411 4092 sibi
446 4050 512 4095 non
547 4023 727 4121 subjectos,
762 4024 813 4094 rel
845 4048 912 4093 suae
937 4022 1173 4122 jurisdictionis
1205 4019 1340 4091 modurn

261 4118 396 4192 excedit
425 4121 490 4216 (1).
531 4120 708 4217 Suspectus
744 4137 854 4193 autem
880 4120 982 4219 judex
1009 4135 1078 4209 est,
1104 4120 1179 4215 quia
1217 4140 1340 4209 cogna-

261 4236 345 4309 tus,
373 4218 501 4309 affinis,
535 4222 730 4317 conjunctus
763 4220 883 4309 actori,
911 4220 986 4314 quia
1025 4242 1100 4289 eum
1141 4238 1195 4286 reo
1232 4238 1343 4309 graves
