3575 5625
688 611 911 686 4127-

258 763 477 866 expendcnda
498 779 547 836 est
572 761 649 862 (2)3
678 777 713 834 et
744 765 769 833 si
799 763 925 860 petenti
959 761 1173 835 hereditatem
1200 779 1236 835 et
1261 787 1339 835 suo-

259 867 439 937 ccssionem
460 864 538 961 jure
565 861 785 955 cognationis,
814 875 1000 958 opponatur
1025 876 1127 932 statm
1155 860 1336 948 natalium,

260 964 408 1058 primum
441 960 483 1030 dc
519 957 704 1048 natalibus,
747 959 904 1054 quonism
941 957 1013 1028 hec
1043 959 1181 1054 quaestio
1212 963 1338 1056 praeju-

261 1057 386 1132 dicialis
412 1073 481 1150 est,
509 1071 621 1155 postea
651 1054 694 1128 de
720 1057 923 1128 successione
950 1056 1108 1152 quaeritm
1131 1055 1201 1152 (5).

302 1251 345 1334 (i)
368 1253 443 1335 Cap.
468 1254 484 1314 i
515 1249 552 1314 dc
577 1248 683 1314 ordin.
713 1251 822 1334 copnit.
848 1251 908 1314 Sed
932 1257 1033 1312 minen
1057 1257 1196 1312 recteest
1212 1269 1339 1330 vereque

260 1333 500 1396 animadversum
514 1351 532 1394 s
548 1332 656 1396 iucobo
668 1333 783 1412 Cujacio
799 1332 832 1394 in
846 1333 895 1394 cit.
919 1351 988 1414 cop.
1008 1333 1023 1394 i
1041 1349 1110 1414 opp.
1131 1340 1154 1392 t.
1171 1333 1191 1391 o
1207 1330 1263 1392 coi.
1279 1335 1339 1394 802

259 1414 333 1478 edit.
357 1415 421 1492 cit,
449 1415 481 1476 id
501 1415 622 1494 quidem
645 1415 798 1490 obtinere,
825 1433 892 1476 cum
918 1433 989 1475 rens
1012 1415 1120 1474 sotoris
1145 1413 1340 1476 intentionem

259 1495 430 1574 confitetur,
453 1504 656 1558 verumtamen
680 1495 909 1578 praejudicialem
931 1503 961 1556 ct
984 1495 1214 1574 peremptoriam
1235 1513 1340 1574 excep-

260 1581 374 1640 tionem
393 1579 542 1658 proponit.
569 1582 658 1642 Secus
679 1579 759 1640 enim
782 1595 851 1638 cum
875 1595 944 1639 rens
965 1595 1027 1638 non
1054 1575 1212 1638 confitetur
1234 1579 1340 1638 setosis

259 1661 472 1735 intentionem,
496 1667 645 1720 nonanto
668 1667 715 1720 eat
740 1657 892 1738 probanda
919 1658 1067 1736 exceptio,
1096 1658 1159 1718 siro
1189 1657 1339 1732 dilatoria,

259 1743 323 1884 sindo
344 1739 560 1882 ffresspmst
569 1745 766 1881 tppamlsctor
776 1737 950 1880 probavepit
962 1738 1162 1882 ἑηιῶῐᾶῑίοιᾶξιιι
1176 1757 1259 1880 suaip
1272 1743 1304 1802 1..
1320 1741 1341 1800 u

258 1841 327 1885 co.
376 1839 391 1882 c
447 1837 548 1882 rescrs
610 1837 942 1894 n.o.em.,·.
1062 1839 1204 1881 ,επ
1257 1838 1341 1882 .seu

255 1901 452 1986 Μώμῳ
479 1905 510 1962 L.
537 1837 575 1962 ὦ
597 1899 662 1962 cod.
691 1837 737 1964 (ἳὲ
748 1837 881 1984 precept,
913 1901 1056 1963 nimirum
1072 1903 1141 1980 qnia
1166 1838 1265 1962 aegre
1280 1921 1341 1964 non

257 1983 409 2064 probante
435 2001 503 2043 reus
532 1983 707 2058 absolvitur,
735 1999 915 2060 quamquam
939 1981 1003 2059 ipse
1030 1983 1231 2062 exceptionem
1258 2002 1341 2045 suam

256 2065 550 2206 ”mpprgbm‘ffl
556 2066 587 2207 J
600 2061 665 2206 piod.
679 2061 715 2126 de
728 2061 844 2138 Eden.;
855 2081 922 2144 sap.
937 2061 1006 2126 ode
1020 2066 1111 2126 Cous.
1127 2083 1254 2148 possess

391 2165 409 2206 o
435 2151 470 2206 .i
579 2165 600 2206 u
623 2163 659 2205 sc.

302 2145 345 2310 {53
367 2165 440 2310 Cap).
451 2229 470 2288 5
480 2225 515 2288 de
527 2223 634 2288 Ordin.
648 2225 756 2309 coquit.

310 2380 340 2480 ς.
385 2381 445 2452 111.
492 2379 609 2452 Quem
647 2379 829 2452 incidentes
869 2381 912 2452 sb
950 2379 1067 2454 eodem
1108 2381 1340 2476 cognoscendae

258 2493 340 2552 sunt
375 2479 510 2576 judice,
550 2479 643 2577 cujus
679 2494 728 2548 est
771 2476 813 2548 de
855 2481 1022 2576 praecipua
1063 2505 1157 2550 cansa
1191 2477 1340 2576 judiosrc

260 2601 462 2674 quamquam
507 2579 577 2672 ipse
616 2577 724 2646 minus
771 2593 962 2672 competens
999 2591 1102 2666 essct,
1144 2577 1171 2646 si
1214 2575 1257 2647 de
1303 2577 1341 2645 iis

257 2677 426 2771 praecipue
452 2672 624 2841 pudicium
658 2675 845 2744 institutum
882 2673 995 2744 fuisset
1033 2673 1111 2771 (1):
1155 2675 1216 2743 nisi
1247 2697 1340 2744 cansa

257 2771 347 2845 cirili
385 2773 451 2845 inci
475 2797 533 2843 ens
569 2773 612 2842 sit
646 2769 874 2861 ecclesiastica,
918 2797 1018 2869 quum
1060 2797 1103 2843 ne
1158 2769 1341 2843 incidenter

256 2868 398 2967 quidem
427 2893 619 2965 cognoscere
649 2867 748 2941 laicus
765 2869 869 2968 judex
892 2885 999 2966 potest
1024 2870 1099 2967 (ἢ),
1129 2868 1205 2939 licet
1227 2884 1340 2940 contro

256 2972 428 3063 integrum
462 2969 503 3037 sit
537 2965 643 3067 judici
684 2967 895 3041 ecclesiastico
927 2966 970 3039 dc
996 2992 1091 3041 causa
1121 2966 1208 3037 civili
1255 2968 1341 3035 inci·

259 3066 364 3137 dente
384 3064 533 3163 judicare
556 3064 623 3163 (5).

200 3296 212 3315 ,
302 3234 346 3319 (i)
367 3238 400 3299 L.
415 3234 512 3297 i-cod.
528 3234 563 3297 dc
579 3233 825 3319 Orai.jssdic.,·1..
843 3237 862 3297 5
877 3234 945 3297 cod.
960 3232 998 3297 ds
1010 3232 1116 3296 ludio.

313 3322 333 3380 2
369 3322 402 3379 C.
417 3320 435 3379 5
451 3317 486 3379 de
500 3317 607 3379 Ordin.
624 3318 752 3401 coynit.,·
764 3336 832 3399 cop.
847 3314 995 3400 7Qus'fii.
1009 3316 1070 3378 sint
1081 3312 1163 3401 tepit.

300 3320 347 3483 Η
371 3403 443 3483 Cap.
461 3397 525 3461 ide
538 3403 653 3461 Donat.
670 3400 749 3461 inter
761 3399 819 3461 sir.
836 3408 866 3462 ct
877 3416 969 3461 uxor.

310 3570 343 3671 ς.
384 3570 444 3643 Ν.
475 3567 612 3641 Causam
643 3596 776 3669 qnoque
797 3575 1104 3671 proepcrutm'om
1133 3574 1223 3668 prius
1253 3571 1342 3646 defi·

259 3670 348 3760 uiri,
379 3666 526 3766 judiciali
556 3666 664 3741 ordini
699 3684 814 3764 aptum
843 3684 877 3741 et
909 3672 1104 3742 conveniens
1128 3686 1176 3741 est
1201 3670 1268 3766 (1).
1302 3668 1341 3740 ln

258 3764 500 3863 quaestionibus
544 3765 708 3854 civilibus,
752 3792 827 3863 quae
869 3767 1003 3839 diverse
1042 3783 1142 3857 sunt,
1184 3793 1293 3865 neque
1322 3792 1341 3836 a

258 3888 297 3934 se
325 3865 464 3935 invicem
497 3863 666 3961 pendent,
696 3862 771 3935 licet
797 3890 836 3936 cx
866 3865 983 3937 eodem
1015 3868 1149 3961 negotio
1174 3866 1340 3951 oriantur,

259 3958 443 4033 ridendum
470 3976 539 4051 est,
574 3958 740 4059 quomodo
770 3964 945 4059 preposite
982 3964 1061 4033 sint.
1103 3960 1138 4032 Si
1174 3988 1235 4059 per
1267 3984 1343 4031 mo-

258 4057 345 4129 dum
379 4063 529 4130 cottonis
561 4073 708 4154 separato
734 4058 880 4156 judicio,
911 4076 1050 4157 unaque
1080 4062 1165 4130 actio
1196 4060 1229 4127 in
1258 4080 1342 4153 pro·

258 4157 336 4253 prio
367 4154 439 4227 foro
476 4154 665 4253 expeditum
700 4158 726 4227 si
753 4182 812 4251 per
840 4156 976 4229 modum
1007 4158 1282 4229 rcomtoents'ons‘s
1306 4155 1343 4222 in
