3575 5625
915 587 1133 658 -tsu-

482 739 581 813 modo
620 740 661 809 ab
701 740 793 810 initio
826 754 961 835 propter
995 735 1128 826 dolum,
1168 737 1259 824 rim,
1301 751 1435 826 metum,
1475 754 1520 808 out

482 838 572 911 uliud
607 841 735 936 justum
772 833 1043 933 impedimentum
1073 835 1129 932 jus
1163 860 1258 904 suum
1294 837 1435 932 persequi
1465 860 1521 908 uon

483 937 626 1033 potuerit
663 935 737 1031 (ὣς
764 950 798 1005 et
834 919 909 1005 rer⁸o
935 934 1114 1004 restituitur
1147 932 1343 1029 ubicumque
1377 936 1415 1002 sit
1442 929 1521 1017 laesr3

483 1037 581 1105 etiem
632 1048 767 1132 propter
808 1033 1041 1128 negligentium
1080 1033 1317 1128 procuratoris²
1365 1031 1418 1128 qui
1467 1032 1523 1128 ejus

479 1135 556 1230 juro
597 1149 630 1202 et
658 1130 854 1202 documenta
884 1154 954 1201 non
991 1127 1130 1227 protulit
1162 1129 1238 1226 (4);
1276 1143 1385 1202 eontra
1415 1129 1524 1207 nonies·

484 1232 607 1302 sionem
638 1229 698 1300 sibi
730 1229 857 1298 noxium
880 1227 955 1396 §Sp
994 1243 1107 1299 eontra
1133 1226 1259 1324 lapsum
1300 1225 1436 1297 sntolium
1464 1225 1522 1321 (6);

485 1353 553 1400 non
597 1326 703 1399 solum
740 1343 853 1398 eontra
902 1327 1025 1414 uicum,
1069 1323 1125 1396 sed
1162 1327 1261 1396 etiam
1302 1341 1408 1396 ooutrn
1448 1321 1524 1394 aliem

360 1441 365 1452 '
486 1424 663 1515 eeclesiam,
690 1450 764 1523 qum
787 1424 899 1495 intulit
926 1422 1162 1495 detrimentum
1191 1423 1258 1520 (7).

486 1573 568 1716 c⁰th
589 1575 626 1633 t.
641 1575 662 1634 t
680 1570 746 1634 eod.
765 1575 814 1668 En
834 1571 915 1657 qod.
935 1589 1017 1634 cous.
1044 1569 1153 1653 major.
1175 1570 1208 1632 in
1228 1570 1335 1653 intepr.
1359 1578 1443 1646 rest.,·
1461 1569 1524 1630 M

544 1653 672 1738 .dejur.
685 1651 852 1736 reipublice
867 1656 903 1716 t.
920 1656 938 1715 9
951 1653 987 1748 ff.
1000 1650 1192 1736 de-oppoldot.

527 1735 569 1816 (2)
582 1738 678 1820 Capi
693 1735 768 1798 dein
778 1737 884 1820 integr.
897 1743 1006 1812 restite
1017 1754 1083 1817 cop.
1093 1737 1112 1797 2
1123 1733 1186 1797 eod.
1195 1734 1228 1796 in
1239 1738 1277 1812 ὃς
1291 1732 1379 1797 Clrrrt
1389 1733 1462 1796 ostie.
1473 1730 1524 1796 eod.

540 1818 570 1897 5)
592 1823 665 1903 Cap.
689 1821 702 1879 t
721 1817 757 1880 de
770 1818 803 1881 in
816 1820 922 1901 integr.
938 1817 1032 1879 restit.
1048 1817 1081 1879 in
1095 1819 1126 1880 6.

540 1905 559 1960 t
592 1905 665 1984 cop.
682 1899 751 1962 Me
765 1900 916 1982 inintepr.
927 1899 1021 1962 restit.

477 2022 479 2025 -
540 1985 558 2044 5
591 1985 666 2064 Cup.
683 1980 780 2043 deod.
797 1983 871 2044 ind.

541 2067 559 2125 6
594 2067 667 2144 Cap.
684 2063 748 2124 odo
766 2064 917 2145 inintopr.
931 2062 1027 2125 restit.

529 2145 559 2224 (7
593 2147 664 2226 Cep.
688 2142 788 2208 sno,
809 2149 848 2206 At
865 2147 945 2207 enim
968 2145 1018 2224 qui
1037 2147 1222 2230 privilegium
1244 2146 1349 2222 habet,
1374 2164 1406 2208 eo
1424 2145 1461 2206 uti
1482 2157 1528 2202 noo

487 2234 583 2303 potest
603 2227 741 2288 adversus
759 2227 858 2303 illum,
882 2227 929 2288 oui
952 2246 1004 2307 per
1017 2237 1061 2290 est
1073 2231 1275 2310 privilegium,
1295 2233 1329 2292 t.
1352 2231 1387 2290 {2
1400 2226 1424 2309 S.
1444 2231 1456 2288 1
1476 2221 1527 2284 cod·

491 2308 552 2384 Qui
560 2308 668 2390 potior.
683 2307 715 2369 in
735 2308 853 2391 pipnor.
867 2313 979 2371 Verum
994 2309 1025 2370 id
1037 2311 1158 2391 quidem
1172 2320 1231 2389 est,
1247 2311 1273 2373 si
1295 2319 1415 2390 utroque
1433 2305 1529 2370 eodosit

490 2389 526 2450 de
537 2389 643 2453 domno
657 2391 775 2452 vitando
788 2400 871 2472 egot5
886 2401 917 2452 nt
934 2392 958 2452 si
979 2393 1069 2454 ultera
1086 2393 1124 2454 de
1137 2394 1243 2455 domno
1258 2393 1391 2468 vitando,
1411 2387 1530 2453 alterode

490 2471 571 2533 tuero
584 2473 726 2552 onptando
744 2481 825 2554 agat,
848 2473 928 2534 illem
946 2482 1046 2534 oontro
1060 2473 1136 2536 huno
1155 2477 1270 2537 restitui
1293 2492 1407 2556 coquum
1422 2482 1475 2549 est,
1495 2468 1528 2529 uti

400 2578 404 2583 ·
489 2553 624 2615 similiter
644 2556 739 2616 minor
752 2564 851 2617 contro
869 2556 1013 2616 minorem
1037 2558 1202 2619 restituitur
1219 2561 1252 2620 t.
1273 2555 1353 2640 12§.
1372 2559 1529 2637 dumoso·

491 2635 783 2719 ritorff.deminor.
1216 2665 1219 2671 ·

459 2759 494 2770 ”
537 2763 568 2865 §.
604 2766 662 2838 IV.
699 2767 803 2840 Datur
843 2771 880 2839 in
911 2771 1074 2866 integrum
1114 2773 1272 2843 restitutio
1310 2773 1405 2843 etium
1437 2783 1528 2841 ooutrr

423 2928 429 2938 .
490 2868 682 2937 sententium
720 2866 880 2965 Principis
919 2867 990 2964 (i),
1035 2886 1092 2940 nut
1123 2874 1243 2941 summi
1272 2870 1435 2943 Pontificio
1467 2862 1528 2962 (d),

490 2962 546 3033 sed
574 2979 702 3035 tantum
732 2982 871 3063 uterque
898 2968 1061 3064 proprium
1085 2970 1299 3060 sententiam,
1329 2984 1385 3039 sut
1413 2968 1456 3037 sui
1483 2962 1531 3031 de·

490 3059 586 3157 legati
624 3066 764 3133 restituit
804 3062 879 3159 (5);
931 3062 1027 3135 datur
1061 3080 1216 3163 praetereo
1255 3079 1323 3138 tum
1363 3070 1396 3136 in
1428 3061 1531 3164 judicio

491 3184 589 3255 quem
619 3177 706 3232 extra
737 3161 919 3259 judicium2
960 3188 1035 3233 oum
1064 3166 1137 3261 quis
1166 3190 1205 3235 ex
1237 3164 1348 3264 aliquo
1378 3163 1454 3234 sacto
1488 3172 1532 3228 sut

492 3274 658 3330 contractu
686 3259 779 3330 lasus
805 3275 865 3332 est.
897 3259 1005 3333 Semel
1028 3260 1185 3357 denegate
1212 3288 1279 3334 non
1311 3260 1443 3362 amplius
1468 3282 1531 3331 cou-

492 3354 637 3446 ceditur,
674 3373 893 3454 praeterquom
929 3358 971 3429 ad
1004 3358 1253 3458 appellationem
1288 3366 1449 3446 omissam3
1486 3352 1533 3429 n'oi

493 3450 645 3550 deinceps
684 3479 766 3525 nora
799 3455 980 3553 prodierint
1020 3474 1253 3552 monuments,
1285 3485 1422 3558 quorum
1450 3456 1531 3555 gotio

494 3550 667 3621 tribuendo
702 3552 846 3624 ridentur
877 3554 945 3652 (4).

531 3670 576 3751 (t)
597 3673 667 3755 Lep.
684 3676 698 3734 t
714 3684 742 3735 et
753 3679 772 3735 ‘t
785 3674 850 3737 eod.
867 3678 904 3739 Si
912 3697 983 3760 susp.
995 3678 1090 3741 restit.
1106 3678 1138 3739 in
1152 3679 1259 3763 intopr.
1269 3681 1381 3765 posttd.

533 3754 575 3833 (2)
598 3756 668 3837 Cap.
683 3756 747 3819 soe
757 3758 790 3819 in
800 3759 906 3842 intepr.
922 3760 1016 3823 restit.

533 3838 575 3914 (ὅ)
596 3838 631 3897 t.
647 3838 729 3921 t8ff.
745 3838 781 3901 de
794 3841 904 3903 minor.
920 3844 959 3905 ts
974 3844 1089 3919 ‹ro-511.
1104 3844 1122 3904 5
1137 3842 1201 3908 ond.
1215 3845 1250 3908 Si
1262 3844 1378 3910 odoros.
1392 3840 1534 3927 remjodic.

534 3918 575 4000 (t)
598 3922 669 4002 Cap.
687 3918 743 3983 ult.
760 3922 795 3984 de
807 3922 839 3984 in
850 3924 956 4008 intepr.
973 3925 1067 3989 restit.

542 4050 573 4153 ς.
604 4051 648 4127 V.
675 4052 828 4125 Restituit
850 4072 960 4127 eutem
988 4058 1190 4155 magistratus
1216 4059 1378 4151 urbanus,
1404 4058 1449 4132 rel
1471 4078 1537 4155 pro·
1597 4130 1599 4133 .

496 4150 655 4241 vinculis,
689 4152 738 4223 rel
761 4150 863 4251 judex
893 4159 929 4225 in
966 4182 1036 4228 eom
1066 4182 1134 4229 rem
1176 4185 1193 4228 a
1237 4158 1408 4257 Principe,
1447 4152 1492 4228 rel
1523 4174 1537 4219 ¹
