3575 5625
537 844 580 923 (Ι)
599 847 685 906 ioan.
701 844 785 903 XXV
799 860 828 901 u.
852 844 907 917 ll,
922 840 1052 921 synodus
1067 842 1234 903 florentina
1247 842 1281 901 io
1296 839 1411 923 delini.
1424 788 1500 901 'tono
1529 844 1566 901 ts

497 923 603 989 oneo.
617 922 673 987 col.
689 926 749 985 526
763 919 874 985 collect.
890 922 1011 985 motet.

536 1010 577 1091 (ἲ)
598 1011 630 1070 S.
649 1011 778 1068 mneos
794 1003 845 1067 tto.
866 1008 884 1068 5
898 1014 1002 1068 contro
1019 1003 1123 1067 ltoeres.
1136 1026 1165 1065 c.
1182 1008 1237 1068 st.
1255 1009 1269 1066 l
1286 1003 1335 1067 ed.
1355 1007 1427 1065 Ven.
1442 1024 1476 1086 p.
1491 1008 1565 1066 175.

362 1118 366 1125 ’
420 1138 422 1141 ’
544 1124 574 1227 ς.
601 1122 660 1194 Vl.
699 1123 796 1195 Hand
831 1140 942 1195 tamen
987 1125 1186 1221 inquisitoris
1221 1150 1342 1195 munus
1384 1122 1566 1237 quidquam
1667 1135 1669 1138 ’

496 1223 638 1296 detrahit
677 1224 817 1320 episcopi
862 1220 971 1295 officio
1007 1238 1042 1294 et
1081 1226 1244 1319 potestati.
1296 1220 1385 1295 Nam
1423 1245 1495 1319 ejas
1531 1224 1567 1291 in
1667 1273 1668 1276 ,

495 1325 610 1419 primis
644 1338 692 1393 est
729 1346 841 1393 curam
877 1346 990 1415 gerere
1018 1320 1220 1417 particularis
1261 1320 1420 1406 ecclcsiae,
1464 1346 1567 1415 quam
1667 1357 1668 1412 ι

494 1420 671 1517 regendam
709 1422 844 1517 accepit.
873 1419 961 1515 Ergo
995 1434 1029 1489 et
1061 1421 1130 1514 ipae
1161 1418 1239 1489 fidei
1278 1419 1456 1513 integritati
1482 1444 1568 1489 con-
1667 1467 1668 1470 =

495 1520 600 1591 solere
634 1516 752 1607 debet,
775 1533 873 1615 atqne
907 1519 942 1587 in
967 1542 1091 1587 errores
1117 1520 1283 1615 inquirere
1315 1534 1347 1588 et
1372 1515 1450 1586 dare
1481 1541 1567 1613 ope-
1667 1575 1668 1590 2

499 1644 568 1689 ram
607 1616 800 1714 diligenter,
837 1641 880 1687 ne
913 1618 986 1712 quis
1018 1642 1037 1686 e
1083 1615 1207 1715 populo
1238 1616 1299 1686 sibi
1340 1616 1512 1688 commisso
1548 1641 1567 1683 a
1667 1637 1668 1704 j

496 1743 571 1789 vera
615 1731 649 1787 et
690 1713 854 1786 catholicas
898 1714 1037 1785 ecclesiae
1084 1714 1219 1811 probata
1263 1715 1409 1785 doctrina
1456 1711 1567 1782 abdo·
1667 1793 1668 1804 ἵ

497 1832 602 1887 catur.
649 1812 806 1884 Officium
847 1811 910 1883 hoc
946 1828 981 1883 et
1016 1812 1087 1884 lues
1125 1829 1265 1908 potestas
1302 1814 1454 1910 episcopo
1499 1836 1568 1881 non

496 1913 651 1983 adimitur
683 1936 743 2008 pcr
776 1912 981 2007 inquisitores
1017 1911 1089 2007 (l),
1122 1911 1180 1981 scd
1219 1911 1252 1980 hi
1289 1912 1428 1981 instituti
1468 1924 1566 1996 sunt,

497 2028 535 2082 ut
560 2014 589 2081 ei
617 2034 712 2106 opem
747 2009 873 2097 ferant,
907 2025 944 2079 ut
973 2035 1052 2105 quas
1090 2011 1159 2105 ipse
1191 2009 1332 2105 neglexit
1365 2022 1473 2105 partes
1508 2033 1569 2077 cr·

497 2108 629 2204 pleant,
668 2121 706 2177 nt
735 2106 883 2204 pluribus
920 2107 1064 2205 subjecta
1101 2107 1201 2177 oculis
1227 2112 1330 2179 tutior
1359 2109 1400 2177 sit
1436 2107 1569 2201 integri-

498 2222 547 2277 tas
580 2204 682 2293 fidei,
722 2221 761 2274 ut
804 2208 861 2302 qui
904 2231 1003 2275 unam
1049 2205 1274 2303 particularem
1312 2221 1346 2275 ct
1374 2206 1432 2301 qui
1466 2221 1569 2275 totam

498 2301 711 2373 universalem
750 2302 915 2373 ecclesiam
947 2306 1050 2397 regit,
1078 2304 1174 2375 simul
1204 2303 1328 2375 collatis
1361 2301 1500 2375 consiliis
1534 2317 1570 2371 et
1667 2333 1668 2388 ι

497 2402 621 2567 ἓρίἱιιιιι,
662 2398 846 2513 custodiant
892 2399 1102 2569 reltilgipenem,
1154 2429 1218 2499 qua
1261 2400 1343 2472 nihil
1393 2400 1570 2471 christiano
1667 2399 1669 2416 *

522 2524 623 2573 omrnr
650 2514 814 2594 antiquius
838 2523 905 2569 esse
958 2525 976 2569 e
1018 2517 1044 2568 t.

538 2645 579 2787 w
592 2644 669 2706 lilod
682 2646 712 2705 in
726 2646 830 2741 primnis
842 2628 1027 2743 episcopiflcst
1039 2666 1142 2745 cpi-are
1155 2648 1325 2729 diligenter,
1339 2665 1376 2707 ne
1388 2647 1453 2725 quis
1464 2653 1571 2740 cpntra
1667 2671 1669 2741 ζ

497 2737 545 2789 ort
566 2728 691 2788 odoram
715 2728 879 2789 doctrinam
897 2748 927 2787 ιιι
947 2728 1093 2791 droecesrm
1113 2741 1223 2810 irrepat
1241 2748 1343 2797 errori
1360 2728 1440 2807 qnod
1456 2728 1571 2788 diserte
1667 2749 1669 2785 ι

499 2811 615 2890 scripsit
637 2810 792 2890 Apostolus
818 2815 832 2873 1
853 2808 895 2872 od
920 2808 1048 2873 Timotlt.
1071 2833 1140 2894 cop.
1162 2817 1181 2874 3
1201 2822 1230 2874 ct
1251 2811 1293 2874 od
1319 2813 1420 2874 Titum
1440 2830 1510 2892 cop.
1538 2816 1569 2871 t.

498 2897 599 2972 ltaque
627 2911 714 2955 nemo
736 2891 865 2969 dubitat,
898 2895 969 2972 quin
993 2896 1156 2973 presertim
1179 2895 1217 2956 ad
1233 2898 1399 2974 episcopum
1423 2895 1571 2972 pertineat
1667 2914 1669 2917 ·

499 2976 531 3036 in
557 2975 709 3036 haereticos
727 2976 1002 3055 inquirerentque
1027 2979 1057 3036 in
1075 2996 1142 3048 cos,
1167 2979 1218 3054 qui
1235 2977 1391 3037 obfirmato
1414 2977 1514 3036 animo
1539 2977 1571 3034 in

498 3077 599 3120 errore
621 3067 822 3136 perseverant,
842 3059 956 3119 meritis
979 3061 1072 3137 pronis
1089 3059 1332 3120 animadvertere.
1354 3062 1415 3120 lios
1441 3058 1570 3136 episcopi
1667 3084 1668 3087 ¹

484 3135 629 3201 'cilicium
644 3140 786 3219 expressit
808 3149 910 3200 auctor
923 3141 1052 3220 epistoloe
1066 3141 1106 3200 oti
1170 3142 1215 3201 ἰ.
1232 3138 1313 3202 Goll.
1333 3149 1423 3223 otque
1437 3139 1567 3222 Hispan.

498 3224 576 3300 apdd
596 3221 687 3284 labb.
707 3219 810 3284 concil.
834 3231 906 3283 min.
927 3229 941 3284 t
961 3220 1016 3284 coi.
1038 3225 1098 3284 tto
1161 3223 1189 3283 ἲ.
1215 3226 1328 3299 Vocet,
1347 3241 1414 3302 quc
1436 3223 1518 3284 tueii
1533 3222 1567 3281 P.

498 3321 605 3446 da..
611 3303 1265 3448 ressuscitationis
1282 3305 1571 3447 ..33than

498 3465 579 3526 ldcm
603 3467 705 3526 statuit
727 3467 882 3527 concilium
901 3471 1045 3534 ilemense
1061 3407 1110 3530 ai.
1137 3472 1198 3532 ost
1215 3471 1261 3530 vel
1279 3406 1340 3532 tio
1357 3487 1425 3529 cao.
1456 3404 1483 3527 i
1491 3468 1570 3545 apud

498 3545 645 3608 labbeum
665 3555 735 3608 tom.
753 3545 889 3610 isoncii.
908 3547 963 3612 col.
982 3553 1177 3626 14553acne
1197 3552 1297 3613 multis
1315 3560 1383 3612 utar
1395 3551 1426 3610 in
1443 3567 1478 3609 rc
1500 3551 1572 3610 satis

498 3637 583 3696 ιιοιιι,
603 3629 757 3690 concilium
782 3633 975 3693 Lateranense
995 3636 1033 3694 lV
1048 3651 1113 3717 cop.
1138 3634 1249 3714 dapud
1271 3634 1418 3694 Labbcnm
1439 3640 1514 3692 tom.
1531 3633 1570 3690 ts

498 3707 552 3771 col.
577 3712 637 3771 958
651 3711 796 3788 decrevit,
812 3722 846 3773 nt
864 3714 989 3792 episcopi
1008 3715 1131 3797 singuiis
1147 3716 1230 3776 annis
1247 3731 1293 3776 ret
1309 3733 1363 3794 per
1380 3733 1427 3789 sc,
1442 3713 1497 3774 ‘rei
1516 3731 1572 3791 per

498 3791 717 3854 archidiaconos
745 3794 893 3856 dimccsim
918 3795 1058 3871 lustrent,
1083 3807 1274 3877 onerantque
1297 3797 1470 3878 diiigenter,
1497 3813 1571 3856 num

500 3877 532 3936 in
548 3894 581 3936 ea
600 3875 696 3936 latitet
712 3875 817 3955 aliquis
837 3875 974 3939 haeretica
995 3882 1166 3962 contagione
1182 3880 1327 3941 inlectus:
1348 3880 1400 3958 qni
1424 3896 1497 3940 vero
1514 3877 1572 3938 hor

499 3958 628 4038 officiam
652 3958 836 4039 neglexerint
867 3965 1016 4040 tamquam
1043 3963 1185 4042 gravioris
1210 3961 1313 4042 flagitii
1340 3963 1385 4022 rei
1410 3981 1445 4021 ac
1469 3961 1571 4021 minan

499 4040 581 4122 digni
603 4041 770 4122 episcopatu
791 4059 808 4102 s
828 4042 922 4123 gradu
941 4043 1125 4122 dejiciantur.
1149 4048 1241 4122 Lapsa
1257 4047 1438 4123 'tenoporum
1462 4062 1480 4102 a
1501 4042 1571 4104 sedo

500 4119 662 4202 Apostolica
694 4124 860 4185 institutum
885 4133 930 4185 cst
952 4125 1081 4186 tribunal
1106 4126 1318 4204 inquisitionis,
1342 4125 1393 4186 scd
1417 4143 1479 4186 non
1503 4124 1572 4185 idco

500 4205 627 4285 episcopi
647 4205 733 4268 soluti
749 4215 818 4268 sunt
835 4225 943 4281 onere,
966 4216 1016 4267 ant
1037 4209 1073 4267 iis
1091 4209 1204 4268 adscita
1223 4208 1344 4269 facultas
1356 4216 1400 4268 cst
1418 4209 1449 4267 in
1472 4207 1572 4268 haerc-

500 4285 573 4347 ticos
595 4288 780 4368 inquirendi,
809 4289 893 4351 sicuti
918 4289 1074 4350 declaravit
1097 4290 1261 4353 Booiiacins
1288 4291 1354 4351 vill
1377 4289 1410 4350 in
1436 4308 1508 4372 cop.
1533 4290 1571 4350 rt
