3575 5625
670 663 892 732 -415-

235 817 267 871 et
283 810 328 872 Cl.
356 810 491 870 zaccaria
516 807 589 872 dns.
610 805 726 870 510110
740 805 829 890 forna
845 806 1039 891 obblipaton'a
1060 807 1138 874 delle
1155 808 1317 896 disciplina

237 909 326 952 num.
345 892 396 951 57.

276 973 319 1055 (51
332 973 484 1034 Generalis
505 973 656 1034 interdicti
669 974 740 1033 satis
760 971 871 1032 clarum
897 990 980 1046 exem
1001 973 1063 1034 lum
1088 982 1133 1034 est
1157 977 1187 1036 in
1206 994 1317 1038 maone

235 1056 277 1115 99
287 1055 487 1132 apostolorum
500 1057 579 1134 apud
593 1055 770 1117 cotelerium
788 1056 854 1114 ΡΡ.
870 992 1032 1134 Apostoiic.
1048 1063 1119 1116 torn
1137 1060 1149 1116 t
1165 1075 1237 1138 pap.
1254 1061 1315 1120 117

235 1134 306 1196 aaa.
326 1135 377 1196 cit.
402 1137 485 1216 cujus
509 1137 574 1198 baee
591 1137 681 1196 verbe
704 1145 789 1196 sunt:
821 1159 836 1190 a
849 1137 880 1198 Si
901 1136 968 1214 quis
989 1136 1142 1196 ordinatus
1166 1139 1316 1216 episcopus

236 1218 523 1280 administrationem
537 1227 678 1279 etcuram
700 1217 801 1297 populi
815 1217 871 1277 sibi
897 1215 1036 1278 traditum
1060 1236 1118 1278 non
1141 1222 1316 1298 susceperit,

236 1299 286 1360 bic
300 1301 340 1359 sit
353 1308 573 1381 segregatus...
597 1301 627 1361 Si
642 1317 712 1360 vero
727 1299 874 1378 proiectus
894 1299 1047 1378 episeopus
1066 1317 1124 1360 non
1138 1301 1316 1378 recipiatur,

235 1399 297 1441 non
312 1399 365 1440 sua
376 1381 497 1459 quidem
511 1384 675 1453 voluntate,
690 1381 743 1441 sed
758 1388 878 1459 propter
890 1381 990 1458 populi
1006 1381 1166 1458 malitium,
1182 1383 1243 1460 ipse
1254 1385 1316 1460 qui·

236 1461 306 1522 dem
320 1463 359 1522 sit
379 1464 547 1542 episeopus,
572 1461 676 1525 Clarus
698 1479 769 1523 vero
793 1461 918 1522 civitatis
932 1471 1119 1543 segregetur,
1147 1465 1215 1541 quia
1238 1465 1318 1542 ejus-

235 1543 319 1603 modi
337 1545 438 1622 populi
460 1544 640 1606 onntumaeis
661 1562 721 1604 non
745 1544 868 1604 luerunt
893 1553 1088 1622 correptores.
1101 1569 1113 1596 a
1147 1545 1242 1606 Habes
1269 1545 1317 1606 bic

237 1625 375 1705 generale
388 1626 580 1687 interdictum
594 1628 627 1686 in
637 1633 733 1686 totum
743 1625 854 1685 elerum
865 1627 1069 1686 coustitutum.
1085 1627 1179 1686 Etiam
1195 1627 1318 1688 Basilius

237 1725 284 1786 ep.
297 1707 359 1767 970
378 1725 447 1788 opp.
462 1715 533 1769 mm.
549 1710 653 1790 dpap.
677 1708 738 1768 117
750 1703 797 1768 ed.
814 1705 917 1768 Pare.
939 1709 1020 1768 1756
1031 1708 1179 1787 integrum
1191 1726 1315 1788 pagum,

237 1787 320 1867 quod
338 1797 486 1866 raptorem
510 1808 578 1849 eum
599 1797 682 1867 rapta
706 1787 803 1866 puella
821 1798 1005 1866 susceperat,
1030 1807 1126 1867 neque
1147 1807 1211 1850 earn
1230 1790 1319 1850 resti·

239 1877 352 1944 tuerat,
377 1870 536 1932 interdicto
554 1869 688 1948 subjecit.
713 1870 863 1932 Generalis
881 1889 998 1950 quoque
1017 1870 1166 1931 interdicti
1186 1871 1318 1948 exempla

238 1959 309 2011 sunt
328 1950 409 2028 apud
440 1954 470 2012 S.
502 1953 678 2032 Gregorium
709 1955 911 2012 turonensem
942 1951 1048 2014 histor.
1076 1953 1186 2014 Frons.
1214 1950 1266 2013 lib.
1297 1955 1316 2012 8

238 2034 370 2175 est
393 2029 1140 2197 tetensteten.'trecenses
1158 2033 1317 2176 stite

279 2157 288 2173 ·
376 2158 385 2191 s
907 2158 914 2174 ·
1143 2159 1149 2174 ·
1296 2161 1315 2192 u

239 2195 291 2255 ubi
309 2193 441 2277 populns
459 2193 557 2257 banno
581 2195 810 2257 christianitatis
831 2196 1010 2258 constrictus
1034 2206 1225 2259 memoratur.
1245 2200 1318 2258 Nam

240 2276 359 2338 bannus
373 2275 606 2339 christianitatis
623 2297 659 2340 eo
676 2278 739 2338 loeo
757 2285 802 2338 ast
822 2277 1031 2353 interdictum,
1051 2278 1132 2357 quod
1153 2280 1184 2340 in
1207 2297 1274 2340 can.
1299 2280 1318 2338 6

239 2358 345 2438 synodi
366 2359 582 2420 confluentina
599 2360 709 2420 dicitur
722 2356 842 2420 bannus
856 2359 931 2436 Dei,
951 2368 981 2420 et
1002 2361 1032 2420 in
1062 2361 1185 2422 concilio
1210 2360 1319 2422 Tribu-

238 2440 330 2501 riensi
350 2459 420 2500 cen.
448 2443 468 2501 8
491 2438 610 2502 bannus
630 2437 815 2522 epacapatc'a
843 2441 950 2502 Conler
978 2442 1183 2504 Gonnnlezium
1210 2442 1242 2501 in
1266 2442 1316 2502 cit.

238 2541 306 2604 cap.
329 2523 360 2594 1,
376 2530 406 2582 et
420 2522 570 2583 Cironium
587 2521 730 2585 0100001.
750 2521 819 2617 jar.
846 2541 953 2584 canon.
982 2520 1034 2586 lib.
1054 2527 1068 2585 1
1094 2543 1160 2605 cap.
1187 2525 1238 2583 16.
1259 2527 1318 2584 lte·

239 2603 365 2664 centiori
382 2611 466 2663 aetate
483 2605 628 2684 generalia
649 2603 805 2664 interdicta
823 2610 981 2664 occurrunt
1006 2608 1036 2666 in
1062 2605 1320 2666 constitutionibus

238 2683 431 2765 synodalibus
445 2686 587 2747 Gualterii
613 2685 822 2763 archiepiscopi
842 2687 1031 2762 senonensis,
1059 2705 1125 2764 quae
1140 2687 1227 2747 editas
1250 2694 1320 2746 sunt

239 2786 288 2828 an.
307 2767 386 2842 898,
405 2766 454 2827 ubi
476 2767 667 2829 interdictum
689 2765 951 2846 comprehenditur
970 2767 1018 2829 bis
1041 2767 1138 2829 verbis
1158 2767 1319 2850 nonquam

240 2855 387 2911 statatum
402 2846 522 2910 concilii
537 2848 734 2931 pronicccialie
748 2858 933 2924 renovantes,
956 2849 1099 2909 Herduin.
1118 2857 1188 2911 torn
1206 2852 1317 2910 icone.

238 2950 309 3011 par.
324 2932 338 2990 1
356 2929 411 2991 col.
428 2933 498 3006 166,
515 2932 585 2991 item
600 2931 678 3010 apud
698 2931 891 2993 Muratorium
908 2927 1017 2990 annali
1034 2928 1169 2991 d’ltalia.
1188 2949 1241 2989 nn.
1259 2932 1319 2989 879

241 3022 312 3073 tom.
334 3013 441 3093 bpap.
469 3012 528 3073 155
552 3010 622 3073 edic.
645 3013 861 3085 1100001719,
887 3011 939 3089 qui
963 3019 1063 3070 narrat
1089 3009 1269 3071 Hadrianum
1294 3012 1319 3070 ll

241 3096 274 3154 P.
304 3094 522 3171 Neapolitanam
547 3094 695 3154 civitatem
724 3092 881 3153 interdicto
908 3091 1064 3153 obnoxiam
1092 3090 1210 3161 iecisse,
1242 3091 1320 3167 apud

242 3176 433 3236 lliucmerum
455 3178 629 3235 Remensem
644 3194 692 3256 ep.
708 3176 762 3249 56,
781 3176 836 3249 51,
854 3176 893 3233 59
907 3190 975 3255 epp.
1001 3181 1070 3235 tosta
1097 3175 1110 3232 1
1128 3190 1200 3254 pap.
1220 3174 1275 3232 191
1294 3178 1322 3231 et

241 3274 303 3339 seq.
323 3254 369 3317 cd.
398 3255 500 3317 Panis.
525 3258 622 3332 1611,
639 3257 690 3335 qui
705 3255 898 3316 interdictum
912 3263 1055 3316 memorat
1067 3256 1154 3315 initio
1167 3252 1264 3313 saculi
1280 3255 1320 3313 tx

241 3338 280 3398 ab
306 3338 463 3399 llinemaro
482 3337 669 3399 laudunensi
685 3339 780 3398 latum
799 3338 940 3397 adversus
958 3338 1108 3399 ecelesiam
1124 3353 1223 3412 suam,
1243 3334 1321 3412 apud

242 3418 395 3482 Nicolaum
408 3422 436 3479 ll
450 3437 497 3500 ep.
514 3421 532 3479 5
554 3418 588 3480 in
603 3415 672 3479 bist.
699 3420 810 3479 Frane.
836 3415 993 3481 Durbesne
1012 3428 1083 3481 tom.
1103 3422 1123 3479 1
1147 3436 1219 3499 pop.
1241 3417 1321 3477 1199

243 3499 317 3563 edit.
339 3500 441 3560 Puris.
468 3503 565 3574 1611,
591 3501 621 3559 iu
642 3500 764 3560 concilio
789 3501 986 3561 lemovicensi
1006 3505 1033 3562 ll
1051 3518 1122 3562 sess.
1148 3502 1166 3560 9
1190 3508 1260 3559 tom.
1284 3500 1319 3558 ll

243 3579 350 3643 concil.
376 3578 486 3641 collect.
525 3582 633 3644 labbei
657 3577 711 3642 cot.
751 3582 831 3642 1911
855 3578 926 3642 edit.
958 3584 1071 3658 Venet,
1098 3581 1177 3660 apud
1204 3584 1323 3641 lvuneur

245 3667 454 3726 Carnutensem
479 3662 564 3755 epist.
589 3665 643 3737 50,
668 3664 722 3722 191
748 3672 775 3723 et
789 3663 849 3723 961
873 3681 941 3743 opp.
964 3667 1161 3745 10109009.
1183 3664 1237 3738 95,
1266 3663 1321 3737 tl,

242 3748 304 3805 115
321 3741 392 3804 edit.
417 3746 521 3804 Pares.
548 3746 643 3818 1617,
667 3742 744 3821 apud
768 3746 800 3806 S.
823 3745 998 3823 Gregorium
1018 3748 1071 3807 Vll
1092 3742 1142 3806 lib.
1171 3746 1217 3803 10
1241 3742 1322 3807 ot.

242 3834 273 3885 et
294 3822 346 3885 lib.
369 3827 388 3884 9
413 3844 459 3905 ep.
482 3827 586 3886 blein.
614 3827 653 3885 19
677 3822 780 3885 concil.
801 3824 899 3906 ejusd.
922 3824 1032 3887 collect.
1053 3825 1161 3887 labbei
1181 3762 1237 3885 caii
1264 3824 1323 3882 991

242 3915 272 3966 et
300 3906 377 3979 599,
403 3905 482 3985 apud
507 3906 706 3967 Alexandrum
733 3909 773 3967 lll
800 3907 832 3967 in
858 3923 926 3987 cap.
950 3910 982 3968 tl
1010 3904 1045 3967 dc
1070 3902 1217 3988 sponsat,
1241 3903 1323 3963 etin

243 4006 314 4067 cap.
341 3989 381 4047 99
406 3985 443 4048 de
464 3983 540 4067 effic.
571 3995 599 4047 et
619 3994 727 4068 potest.
745 3986 818 4068 jad.
843 3985 949 4068 deleo,
980 3990 1010 4048 in
1036 3986 1181 4048 Chronico
1213 3984 1324 4045 Mauri·

242 4069 372 4129 niaoensi
395 4065 446 4128 lib.
472 4070 505 4144 5,
528 4069 606 4146 apud
626 4067 764 4129 eumdem
784 4068 940 4130 Ducbesne
958 4065 1064 4131 histor.
1089 4070 1198 4127 Frons.
1217 4068 1323 4125 tonat

240 4168 314 4231 pap.
353 4151 424 4210 587.
455 4148 512 4224 Qui
540 4151 639 4210 minus
666 4150 791 4226 probant
825 4149 972 4229 generalia
1001 4148 1173 4221 interdicta,
1202 4144 1324 4204 laudaut

245 4234 277 4292 S.
303 4231 500 4311 Augustinum
527 4229 613 4311 epist.
637 4230 755 4291 96001
777 4228 1023 4311 Aenilinncopp.
1050 4235 1120 4288 torn.
1146 4224 1238 4289 9001.
1263 4228 1323 4287 878
