3575 5625
697 638 920 710 -155-

260 796 354 865 atque
373 787 450 848 hanc
462 786 596 848 eamdem
610 803 673 848 esse
686 787 769 864 ajunt
782 787 863 850 turis
876 787 1006 848 canonici
1024 787 1199 850 sententiam
1217 788 1250 851 ie
1270 793 1303 852 t'.
1324 795 1343 853 2

261 869 304 930 de
315 868 440 951 pipnor.
462 867 640 930 sederunt
665 868 867 929 vehementer.
886 870 961 930 Nom
986 869 1034 930 lex
1050 871 1099 931 illa
1122 871 1294 932 Diocletiani
1314 881 1345 935 et

262 949 437 1012 Maximiani
455 949 511 1010 boe
529 957 647 1011 mutum
664 950 831 1044 constituit,
849 955 884 1009 ut
902 949 988 1010 liberi
1015 951 1210 1012 creditoribus
1232 955 1345 1015 servire

261 1030 1346 1191 tbdtttuttlllttsstntttttitillentllllt

263 1213 376 1255 norum
390 1195 552 1255 cessionem
566 1195 751 1269 emitterent,
767 1195 798 1256 in
812 1212 944 1255 carceres
958 1212 1021 1255 esse
1037 1193 1237 1274 conjicendos,
1253 1199 1345 1261 edixit

263 1275 436 1337 Alexander
448 1277 480 1336 in
498 1279 531 1339 t.
551 1278 567 1338 l
584 1273 649 1338 eod.
669 1275 730 1353 Qut
744 1273 813 1338 bon.
832 1275 928 1337 ceder.
947 1293 1028 1358 poas.
1045 1279 1069 1338 Α
1084 1275 1153 1354 jure
1171 1277 1250 1338 civili
1266 1279 1347 1343 nulla

262 1359 300 1417 in
316 1375 351 1416 re
368 1357 513 1436 discrepet
527 1358 577 1435 jus
590 1359 779 1434 canonicum,
794 1357 875 1436 qnod
889 1359 922 1419 in
936 1357 985 1418 eit.
1003 1377 1070 1500 cop.
1092 1361 1112 1420 2
1130 1375 1266 1437 expresse
1283 1380 1348 1424 me·

264 1447 367 1499 morat
383 1435 472 1518 alque
492 1439 648 1500 confirmat
669 1440 785 1501 civilem
803 1439 898 1521 legem
918 1438 966 1500 bis
979 1457 1031 1499 ver
1053 1441 1096 1500 is:
1123 1463 1137 1493 u
1158 1443 1216 1500 Lex
1242 1441 1360 1519 habet„

264 1528 304 1581 ut
323 1520 412 1581 borno
428 1519 505 1581 liber
523 1539 579 1600 pro
598 1520 699 1582 debito
723 1540 784 1584 non
801 1528 954 1597 teneatur,
977 1521 1001 1580 si
1025 1539 1073 1582 res
1097 1521 1260 1599 defuerint,
1281 1544 1347 1604 qum

337 1603 382 1663 int
405 1621 460 1681 pro
478 1601 578 1664 debito
594 1603 735 1664 addici.»
761 1606 814 1667 lus
832 1601 889 1664 boc
906 1604 1048 1680 expressit
1069 1607 1099 1664 S.
1122 1605 1280 1683 Gregorius
1305 1611 1345 1669 lll.

281 1681 322 1744 it.
335 1687 411 1766 lep.
425 1686 465 1746 15
476 1683 519 1744 ud
527 1683 650 1746 Fectio.
663 1703 732 1767 opp.
747 1693 818 1746 tom.
832 1687 851 1745 2
864 1681 912 1745 ed.
924 1685 1030 1744 Maur.
1044 1683 1146 1744 Porio.
1161 1685 1253 1762 troo,
1268 1687 1349 1748 unde

268 1767 348 1826 torte
361 1766 463 1827 desum
485 1774 550 1827 tum
572 1774 615 1828 est
631 1785 699 1848 cop.
719 1769 756 1844 2,
776 1766 845 1828 licet
864 1766 1006 1846 Gregorio
1026 1769 1066 1827 lll
1081 1765 1169 1847 vulgo
1187 1766 1346 1831 tribuatur.

312 1847 356 1927 (2)
377 1785 485 1909 Novell
504 1849 563 1908 131
576 1867 642 1928 cap.
658 1849 688 1908 9.

311 1929 355 2009 (3)
378 1931 451 2012 Cup.
470 1927 631 1991 odoardus
648 1927 685 1992 de
698 1927 797 1991 Solet.

320 2051 352 2151 ς.
386 2051 466 2124 xx.
497 2051 550 2123 lld
589 2051 809 2148 effugiendam
847 2067 959 2124 tamen
997 2054 1131 2124 carceris
1167 2054 1347 2153 injuriam,

271 2165 395 2246 praesto
431 2167 480 2221 est
516 2149 718 2222 debitoribus
744 2149 927 2222 miserabile
952 2149 1148 2222 beneficium
1175 2152 1350 2225 inductum

273 2273 292 2316 a
318 2247 357 2317 L.
390 2246 495 2338 lulis,
523 2273 584 2345 per
619 2273 716 2344 quarn
748 2273 805 2319 sus
833 2251 943 2320 omnia
975 2247 1060 2322 bona
1092 2247 1216 2321 cedunt
1240 2251 1350 2322 credi·

272 2343 419 2435 toribus,
465 2360 503 2415 ut
553 2371 590 2416 ea
640 2345 784 2417 vendant
835 2370 1016 2443 eorumque
1088 2349 1208 2416 retium
1258 2348 1349 2418 obti-

272 2459 376 2513 neant
409 2441 483 2538 (l),
514 2458 614 2541 atque
641 2444 685 2513 ita
717 2441 764 2512 illi
791 2468 809 2512 a
841 2447 976 2514 carceris
1007 2371 1154 2516 molestia
1187 2460 1221 2514 et
1249 2470 1350 2541 squa-

271 2539 347 2610 lore
373 2538 553 2611 liberantor
576 2539 646 2637 (2).
683 2538 783 2626 Quod
812 2539 1011 2613 beneficium
1039 2543 1077 2611 iis
1108 2556 1237 2612 tantum
1269 2567 1352 2614 con·

273 2637 422 2726 ceditur,
454 2640 512 2733 qui
568 2651 681 2733 ropter
711 2663 800 2708 casus
831 2637 981 2710 aduersos
1013 2641 1048 2709 in
1077 2655 1217 2733 egestate
1248 2654 1350 2726 suut,

273 2760 345 2806 non
378 2663 623 2822 decoctoribus,
653 2761 764 2834 neque
798 2737 858 2827 iis,
897 2739 956 2834 qui
987 2736 1223 2833 patrimonium
1255 2761 1351 2807 suum

274 2858 355 2903 curn
381 2832 497 2903 fraude
526 2831 735 2922 effuderunt,
767 2836 891 2930 quique
919 2860 995 2906 cunr
1024 2832 1242 2907 creditoribus
1274 2834 1352 2907 dolo

272 2947 353 3001 sant
387 2932 458 3019 usi,
496 2955 572 3001 eam
611 2932 730 3002 scirent
763 2956 831 3002 sese
867 2930 1023 3004 solvendo
1067 2956 1136 3001 non
1174 2957 1242 3003 esse
1279 2931 1349 3027 (3)

273 3026 346 3101 lloc
375 3044 484 3099 autem
518 3026 621 3099 efficit
650 3030 750 3101 cessio
781 3028 967 3117 bonorum,
998 3045 1037 3099 ut
1068 3028 1197 3098 debitor
1222 3030 1254 3098 in
1286 3052 1353 3097 oar·
1452 3087 1456 3099 .

274 3150 364 3197 ceres
396 3150 466 3195 non
502 3128 713 3225 conjiciatur,
750 3124 809 3197 sed
844 3150 863 3194 a
900 3124 1011 3195 debito
1045 3124 1131 3194 liber
1168 3140 1203 3195 et
1229 3122 1353 3195 solutus

274 3248 344 3294 non
370 3222 497 3312 evadit,
540 3226 566 3293 si
603 3226 695 3296 cessis
730 3222 825 3295 bonis
857 3220 1006 3292 satisfieri
1043 3236 1185 3316 nequeat
1215 3219 1353 3295 credito·

273 3319 387 3405 ribus,
424 3336 459 3390 et
485 3321 561 3391 ideo
591 3324 617 3391 si
655 3320 809 3418 deinceps
841 3318 902 3389 alia
937 3319 1023 3391 bona
1061 3317 1277 3413 adipiscatur,
1308 3344 1352 3391 aes

273 3416 418 3488 alienum
444 3416 618 3491 dissolvere
639 3417 756 3508 debet,
787 3417 886 3491 modu
923 3419 991 3515 ipse
1028 3440 1096 3489 non
1131 3434 1237 3489 careat
1272 3442 1353 3514 quo-

275 3514 407 3585 tidianis
427 3515 589 3586 alimentis
615 3516 683 3611 (4).

313 3637 358 3716 (ll
377 3640 456 3698 Bona
473 3638 566 3717 ipsae
587 3637 783 3700 creditoribus
800 3638 922 3699 retineri
945 3655 1003 3698 non
1029 3654 1128 3716 posse,
1155 3638 1207 3699 sed
1233 3656 1267 3699 eo
1289 3656 1352 3699 esse

271 3716 444 3795 vendenda,
460 3727 494 3779 ut
505 3720 634 3797 pretium
648 3719 810 3780 secundum
826 3720 1021 3800 antiquiorem
1036 3726 1067 3779 et
1082 3718 1242 3797 potiorem,
1263 3738 1351 3797 quem

272 3801 478 3943 pnusppisqpe
495 3800 753 3944 pldlptip'etddloeturpg
772 3800 1071 3945 sppgplispribuattpp,
1093 3808 1201 3879 praeter
1222 3809 1349 3877 ceteros,

294 3898 347 3943 occ
404 3899 487 3941 oeus
581 3901 763 3943 cece
845 3904 879 3944 r.
929 3900 1058 3943 nunc..

315 3962 348 4039 (2
381 3964 413 4022 l.
427 3961 522 4024 leod.
540 3964 601 4039 Qui
610 3961 676 4025 bon.
693 3962 789 4025 ceder.
800 3983 882 4047 pose.

314 4044 347 4122 (3
380 4045 504 4105 Consule
522 4046 697 4125 llilligerum
714 4045 748 4107 in
766 4044 927 4107 Doneilum
948 4042 989 4107 ad
1004 4048 1034 4107 L.
1055 4046 1093 4105 tt
1109 4050 1134 4105 et
1156 4046 1194 4106 17
1207 4041 1242 4126 ff.
1262 4041 1298 4105 de
1318 4063 1350 4106 ro

264 4122 367 4207 judie.
384 4132 446 4185 not.
463 4127 502 4186 18
514 4123 570 4187 eol.
586 4129 644 4187 261
663 4134 732 4188 tom.
750 4128 782 4188 ll
801 4128 848 4191 erl.
865 4128 915 4189 cit.

313 4208 358 4288 (l)
379 4210 412 4268 1..
428 4206 491 4288 θῇ.
509 4206 544 4269 de
555 4208 679 4270 eeaaion.
694 4207 795 4271 bonon
