3575 5625
856 633 1080 703 ..530-

315 829 321 838 ·
352 791 356 798 ’
430 783 483 853 bis
511 784 617 880 poenis
660 782 792 856 eeclesia
833 809 902 856 uon
943 784 1107 854 criminosi
1151 785 1319 853 interitum
1360 786 1507 880 quaerit,

497 907 538 952 ne
564 881 668 952 illatas
696 879 924 978 reipublioae
915 882 1048 980 rnjurias
1080 880 1266 970 ulciscitur,
1300 906 1368 978 qno
1398 905 1511 978 poenae

429 905 529 1048 cicilia
574 981 742 1092 potestatis
777 977 969 1050 intendunt.
1009 979 1154 1050 Tantum
1203 977 1258 1047 illa
1304 994 1416 1066 curat,
1469 993 1511 1046 nt

428 1100 503 1146 reus
539 1079 684 1148 criminis
730 1076 925 1148 emendetur
969 1091 1003 1148 et
1058 1079 1155 1146 ceteri
1203 1100 1294 1147 exem
1320 1075 1353 1147 lo
1398 1098 1510 1172 poenae

427 1197 495 1243 sese
523 1199 543 1242 a
578 1173 769 1246 criminibus
797 1174 1002 1262 abstineant,
1043 1174 1118 1244 ideo
1140 1173 1258 1270 procul
1293 1101 1393 1246 babet
1429 1198 1507 1270 poe-

242 1282 245 1289 ’
305 1322 309 1330 .
427 1294 506 1340 nam
541 1275 707 1368 sanguinis
733 1271 807 1370 (l),
838 1288 873 1344 et
901 1275 937 1342 in
971 1275 1095 1368 poenis,
1132 1298 1211 1367 quas
1245 1271 1385 1366 infligit,
1430 1294 1507 1341 mo-

429 1365 510 1437 durn
572 1368 724 1441 uemdam
771 1386 805 1442 et
842 1373 1002 1442 rationem
1047 1368 1201 1460 adhibet,
1247 1384 1285 1440 ut
1330 1369 1507 1440 levioribus

426 1396 617 1538 criminibus
649 1468 808 1557 leviores,
850 1467 1050 1582 gravioribus
1085 1483 1194 1538 antem
1231 1470 1391 1560 graviores
1428 1491 1506 1564 pue·

426 1587 485 1632 nus
515 1567 703 1635 constituat.
734 1565 784 1635 lta
818 1568 1173 1654 excommunicatione,
1214 1589 1276 1661 per
1312 1589 1413 1662 quam
1444 1561 1508 1633 ali-

427 1662 500 1755 quis
544 1688 563 1731 a
603 1662 775 1733 christiana
812 1662 978 1761 republica
1011 1663 1214 1753 excluditur,
1255 1688 1324 1734 non
1365 1661 1507 1731 mulctat

426 1782 524 1848 eum,
562 1763 619 1857 qui
649 1776 786 1858 propter
822 1760 923 1833 levius
952 1763 1076 1833 crimen
1110 1761 1228 1873 dignus
1266 1759 1410 1872 quidem
1434 1775 1506 1846 est,

426 1857 485 1950 qui
517 1857 553 1925 in
586 1858 721 1929 erilium
750 1859 862 1949 abeat,
889 1855 973 1931 hoo
996 1875 1063 1949 est,
1100 1863 1157 1957 qui
1186 1885 1226 1930 ex
1255 1885 1320 1928 una
1349 1859 1506 1944 civitate,

427 1966 484 2020 ant
521 1958 675 2050 regione,
720 1981 789 2028 non
830 1980 905 2029 vero
948 1983 986 2028 ex
1022 1959 1167 2028 universa
1203 1958 1379 2028 christiana
1405 1955 1507 2025 socie·

428 2064 495 2120 tate
516 2053 712 2148 expellatur.

465 2198 509 2280 (ι)
530 2203 655 2264 consule
672 2203 794 2266 loannis
810 2206 895 2266 XXI!
917 2205 1155 2266 constitutionem
1176 2204 1315 2266 adversus
1339 2204 1504 2264 ttarsilinm

426 2283 600 2344 Patauinum
614 2293 645 2344 et
657 2288 801 2347 loannem
815 2285 985 2348 tandunum
996 2285 1104 2365 ,cujus
1121 2303 1209 2364 supra
1227 2288 1300 2348 facta
1315 2285 1427 2346 mentio
1445 2293 1501 2345 est.

472 2412 504 2512 ς.
532 2412 576 2482 V.
610 2415 704 2484 Inter
736 2415 961 2488 ecclesiasticas
1004 2443 1116 2513 poeuas
1154 2432 1365 2490 recensentur
1404 2418 1504 2487 etiam

425 2511 584 2623 depositio
630 2527 664 2582 et
706 2510 914 2606 degradatio,
955 2513 1011 2584 sed
1051 2541 1110 2587 uos
1151 2514 1236 2586 hanc
1274 2517 1504 2586 tractationem

425 2613 532 2705 primo
560 2607 645 2680 libro
677 2612 920 2706 occupavimus.
960 2611 1074 2708 ltaque
1116 2614 1221 2685 omnis
1263 2627 1372 2683 nostra
1411 2638 1502 2682 nunc

426 2709 488 2778 crit
509 2703 552 2776 de
574 2705 792 2780 ecclesiasticis
822 2711 966 2781 censuris
989 2709 1180 2806 disputatio.
