3575 5625
877 632 1073 705 ..oo-

439 784 578 880 imperat
604 786 775 881 poenisque
805 799 932 856 coercet
957 807 1033 873 eos,
1066 781 1123 879 qui
1150 778 1224 849 lotis
1252 776 1294 849 ab
1320 802 1355 849 se
1379 776 1505 874 legibus

441 906 508 951 non
533 883 772 981 obtemperant.
1363 970 1367 984 ι

490 976 519 1079 §.
556 978 655 1051 XXI.
691 978 753 1051 Sed
791 979 1008 1053 ecclesiastice
1042 977 1242 1049 coercitionis
1277 999 1424 1045 summus
1459 989 1508 1046 est

441 1074 560 1171 gradus
590 1080 704 1177 ejectio
733 1104 863 1168 eorum,
913 1080 949 1150 ui
974 1080 1011 1149 in
1043 1076 1253 1171 religionem,
1291 1073 1344 1144 rel
1382 1075 1419 1143 in
1451 1098 1508 1145 so·

441 1178 590 1248 cietctem
627 1193 814 1273 peccarunt.
852 1175 889 1247 Si
922 1178 994 1275 quis
1032 1174 1221 1269 religionem
1260 1172 1377 1245 violare
1395 1186 1507 1241 ‘ausus

441 1272 541 1344 fuerit
568 1277 722 1365 crimine,
750 1276 939 1365 schismate,
971 1274 1104 1364 haeresi,
1141 1297 1249 1369 neque
1279 1260 1438 1381 ul⁰¹llll¹⁸¹‚
1453 1296 1511 1340 rc·

442 1370 539 1442 dierit
574 1376 609 1443 in
653 1373 774 1446 bonam
812 1390 979 1463 mentem,
1021 1398 1097 1443 eum
1136 1372 1201 1440 sive
1242 1368 1406 1463 clerilm3'*
1429 1370 1510 1466 'pire

441 1468 542 1541 laicus
565 1475 624 1561 sit,
659 1472 790 1544 ecclesia
816 1474 904 1570 ejicit
938 1497 956 1541 a
986 1475 1080 1542 sceris
1119 1485 1153 1539 et
1187 1448 1510 1565 societateschristic·

443 1592 581 1659 norum,
618 1586 752 1667 propter
783 1587 976 1667 potestatem
1015 1584 1049 1640 et
1079 1554 1376 1672 officiumst-,quod
1411 1562 1537 1638 habet-

443 1668 478 1734 in
523 1672 635 1739 omnes
688 1668 899 1761 christianos,
943 1664 1079 1739 curandi
1119 1664 1324 1761 regendiqite
1369 1679 1511 1753 cuncta,

444 1789 519 1860 qum
545 1765 588 1835 ed
614 1766 803 1861 religionem
856 1770 1010 1839 ertinent.
1046 1762 1113 1853 Qui
1143 1754 1420 1860 cliqnp·,'ciimine
1455 1786 1512 1833 so·

444 1864 593 1934 cietatem
624 1863 729 1953 laesit,
759 1869 785 1934 si
812 1794 945 1935 clirieus
969 1867 1030 1953 sit,
1062 1844 1207 1957 ecclesie,
1221 1846 1511 1961 judicio'i‘ubest,

445 1968 515 2030 non
542 1976 678 2057 propter
709 1987 779 2031 rem
811 1964 933 2058 ipsam,
967 1985 1045 2057 quae
1069 1961 1202 2058 pro‘pria
1239 1948 1424 2057 cstfcirilis
1440 1960 1514 2028 'rei-

445 2056 608 2152 publicae,
642 2056 698 2129 sed
734 2075 869 2157 propter
900 2083 1093 2155 personam,
1109 2048 1206 2156 'quis
1226 2042 1366 2143 ascilioet
1405 2052 1515 2127 ercle-

445 2156 577 2225 sinstieae
615 2156 800 2253 reipublicae
836 2160 912 2229 civis
948 2172 1008 2227 est.
1044 2157 1159 2255 ltaque
1170 2154 1225 2227 sin
1265 2167 1349 2227 eum'
1383 2152 1515 2237 ecclesio

446 2252 674 2325 animadvertit
698 2280 845 2345 carcere,
879 2270 936 2326 aut
967 2250 1028 2326 alia
1057 2278 1154 2352 poena
1171 2250 1340 2419 ,corporali
1371 2250 1452 2347 (i),
1481 2268 1517 2323 et

447 2352 474 2419 si
503 2354 630 2445 gravius
660 2355 784 2425 crimen
814 2356 874 2444 sit,
908 2355 961 2424 eui
991 2379 1060 2425 non
1090 2376 1202 2450 parem
1259 2350 1354 2420 abent
1383 2374 1515 2445 poenom

448 2448 589 2520 ecclesie
622 2450 737 2521 lenitas
767 2469 801 2523 et
824 2450 1057 2541 mansuetudo,
1085 2476 1159 2521 eum
1186 2448 1228 2520 de
1257 2447 1361 2543 gradu
1385 2446 1515 2545 dejicit,

448 2544 512 2617 hoc
541 2564 590 2618 cst
618 2574 687 2619 non
717 2550 854 2646 amplius
884 2574 951 2620 suae
984 2547 1160 2646 republicae
1189 2550 1291 2618 civem
1323 2571 1391 2617 esse
1417 2548 1515 2636 sinit,

449 2642 504 2713 sed
541 2644 684 2717 adinstar
717 2664 902 2719 ceterorum
934 2646 1088 2719 laicorum
1125 2646 1254 2746 subjicit
1292 2643 1377 2715 cirili
1412 2660 1520 2740 potes·

450 2744 522 2814 toti.
558 2742 629 2841 lpse
660 2770 736 2818 roro
765 2749 801 2818 in
834 2746 923 2816 hune
955 2744 1145 2834 hominem,
1181 2745 1239 2843 qui
1264 2744 1335 2842 jem
1360 2767 1428 2814 suae
1457 2744 1519 2814 rei·

450 2841 590 2938 publicae
625 2845 700 2914 civis
735 2861 802 2935 est,
840 2847 1015 2940 imperium
1047 2859 1190 2935 exercet,
1228 2841 1319 2939 quod
1355 2841 1453 2910 habet
1483 2843 1518 2911 in

451 2938 592 3038 reliquos
623 2945 706 3013 cives
741 2969 834 3032 suos,
869 2969 1011 3040 cumque
1048 2947 1174 3013 coercet
1208 2955 1333 3026 morte,
1366 2940 1520 3010 ceterisve

452 3041 578 3132 poenis,
610 3065 683 3136 quae
711 3057 787 3112 sunt
813 3067 831 3111 a
860 3040 1006 3112 civilibus
1037 3040 1161 3135 legibus
1194 3041 1392 3110 constitutae.
1458 3071 1462 3076 ’

494 3159 536 3242 (l)
558 3165 649 3244 Agsm
672 3164 709 3226 de
733 3165 779 3226 his
801 3167 893 3245 poenis
918 3167 1032 3244 copiose
1052 3163 1128 3224 libro
1151 3163 1206 3236 Ν,
1229 3161 1280 3222 ubi
1305 3161 1344 3222 de
1374 3155 1520 3251 criminali

454 3243 580 3305 ecclesie
594 3255 736 3324 potestate
756 3247 959 3308 disserendum
985 3247 1052 3307 erit.
1074 3246 1211 3315 interim,
1234 3243 1372 3322 quonism
1396 3242 1522 3303 carceris

453 3324 509 3385 feci
528 3329 723 3404 mentionem,
745 3328 802 3389 hoo
822 3328 1067 3405 animadvertam,
1083 3328 1144 3407 jorn
1160 3325 1231 3387 inde
1251 3345 1267 3384 a
1287 3325 1522 3386 1v·saeeu10ec-

456 3406 588 3484 clesiam,
600 3409 637 3468 od
652 3411 815 3488 puniendos
829 3411 948 3471 clericos
962 3411 1117 3470 eriminum
1130 3427 1212 3484 reos,
1225 3425 1354 3468 carceres
1365 3406 1520 3482 habuisse,

456 3488 507 3566 qui
538 3489 705 3570 Deconiec,
730 3492 960 3572 appellabantur.
990 3496 1073 3553 Patet
1099 3492 1130 3551 id
1159 3509 1195 3552 ex
1218 3488 1334 3552 Arcadii
1352 3497 1382 3549 et
1399 3488 1522 3550 Honor-ii

458 3571 679 3646 constitutione,
703 3592 769 3653 quoe
793 3582 836 3635 est
869 3576 942 3657 Lep.
971 3576 1010 3636 50
1035 3571 1099 3634 cod.
1127 3569 1236 3634 Theoti.
1271 3569 1307 3632 de
1335 3567 1433 3632 heret.
1463 3571 1523 3630 Hos

458 3669 587 3714 carceres
605 3664 769 3716 memorent
783 3657 870 3717 etiam
885 3656 1069 3719 Justinirnus
1085 3651 1191 3716 Novel.
1209 3655 1247 3714 79
1262 3671 1328 3734 cop.
1345 3655 1382 3730 2,
1398 3661 1429 3713 et
1443 3652 1524 3729 copi-

459 3733 564 3794 tuloris
585 3737 678 3800 Caroli
696 3741 737 3799 Μ.
763 3735 811 3800 tto.
838 3741 941 3821 ocap.
967 3741 1042 3813 578,
1067 3736 1145 3880 opud
1169 3735 1267 3797 Baius.
1294 3743 1317 3794 t.
1346 3737 1360 3795 t
1391 3732 1445 3796 col.
1461 3735 1523 3796 604

459 3813 531 3876 edit.
562 3818 660 3881 Vocet.
686 3821 780 3896 1772,
812 3820 863 3881 ubi
885 3821 993 3881 dicitur
1020 3820 1054 3881 io
1099 3817 1238 3894 cronicis,
1266 3815 1315 3876 olii
1340 3817 1374 3877 ic
1399 3816 1522 3893 cotecis,

459 3895 585 3960 ecclesie
605 3899 795 3978 recludatur,
813 3909 1007 3984 cmopetenter
1022 3919 1125 3984 poenos
1142 3897 1284 3962 luiturus.
1307 3901 1341 3959 ln
1362 3915 1524 3978 graccorum

460 3981 603 4060 porotitlis
619 3983 696 4062 opud
723 3985 881 4046 Henricum
902 3985 1056 4048 Justeltum
1078 3980 1157 4044 Boioi.
1184 3984 1256 4044 lor.
1282 3998 1389 4042 conco.
1411 3990 1481 4042 tom.
1503 3983 1524 4042 2

459 4081 492 4144 p.
503 4065 582 4124 1535
590 4064 735 4127 habentur
745 4066 822 4128 hmo:
831 4070 879 4142 Εις
891 4094 942 4142 την
952 4070 1185 4138 liuthariorum
1197 4077 1374 4142 ιγκλαστμν
1384 4069 1526 4139 coeunte·

462 4167 558 4212 cocao
575 4143 607 4206 io
620 4145 784 4210 claustrum
797 4145 1026 4210 ecclesiasticum
1037 4144 1246 4228 conjiciantur.
1268 4146 1444 4207 Eorumdem
1460 4161 1526 4203 cer-

461 4241 560 4288 ccrum
577 4232 688 4294 mentio
711 4239 754 4292 est
776 4232 854 4314 opud
870 4229 1008 4292 Basilium
1023 4229 1193 4306 diaconum,
1213 4226 1247 4288 in
1262 4223 1357 4288 tttetto
1372 4223 1413 4287 od
1431 4223 1526 4287 Theo·

1668 250 1685 966 l
