3575 5625
501 1151 820 1243 'dlsslffllltw
854 1153 1028 1242 mil·

580 1379 615 1441 lle
636 1376 823 1440 abutaurus
845 1377 968 1440 tonsuris.

234 1741 254 1792 l.
266 1741 392 1794 Absolutic
403 1758 418 1794 a
430 1745 538 1795 censuris
548 1745 629 1813 quid?
814 1745 854 1794 Vl.
864 1743 991 1795 Absolutic
999 1745 1033 1794 od
1042 1744 1244 1796 rauriacorum.

232 1807 266 1857 tt.
279 1807 435 1874 Quotuplex?
814 1811 866 1861 Vll.
885 1811 999 1861 Censura
1022 1809 1047 1859 in
1069 1819 1193 1871 mortuos,
1215 1823 1310 1860 earum·

235 1872 269 1921 lll
278 1884 302 1923 et
313 1873 353 1922 lV.
367 1874 426 1935 Quis
436 1890 551 1926 censuras
559 1875 642 1927 tollatl
879 1891 928 1944 quc
939 1875 1068 1930 relaxatio.

235 1938 265 1988 V.
277 1939 404 1990 absolutio
415 1942 450 1990 od
460 1944 593 1993 caculam.

281 2251 386 2323 Saura
413 2254 537 2324 inflicta
566 2279 720 2344 censura,
748 2280 808 2351 per
833 2253 1071 2326 absolutionem
1104 2269 1161 2324 aut
1191 2253 1308 2324 relaxa·

234 2351 358 2421 tionem
406 2350 551 2423 tollenda
606 2367 657 2422 est
703 2369 742 2423 ut
793 2355 866 2450 quis
909 2367 1125 2447 potestatem,
1168 2351 1307 2448 gradum

233 2443 411 2544 locumque
459 2465 649 2546 recuperet,
688 2450 778 2520 unde
820 2449 966 2548 dejectus
999 2449 1073 2521 fuit.
1106 2450 1165 2520 Est
1200 2464 1311 2520 autem

233 2544 394 2617 absolutio
435 2573 453 2616 a
495 2550 659 2636 censuris,
703 2572 778 2643 quae
814 2550 850 2618 in
900 2549 1041 2645 antiquis
1089 2549 1312 2622 monumentis

225 2667 330 2808 pan,
365 2645 557 2734 relaxatae,
605 2648 729 2731 conco,
764 2651 966 2717 communio
1003 2642 1209 2742 appellatur,
1257 2669 1311 2714 rc-

245 2740 351 2809 axatic
390 2767 516 2839 poenae,
551 2745 616 2815 sive
661 2741 801 2831 vinculi,
837 2765 912 2838 quae
953 2757 1139 2838 praescripta
1170 2742 1212 2813 ab
1244 2740 1310 2810 Ec-

232 2837 327 2909 clesia
370 2838 475 2911 forma
517 2839 719 2911 conceditur.
758 2837 873 2909 Danda
909 2854 958 2909 est
993 2838 1062 2908 haec
1103 2844 1216 2931 venia,
1254 2864 1311 2909 seu

233 2935 387 3007 relaxatio
418 2962 485 3008 non
524 2938 617 3009 facile
653 2952 688 3008 ct
725 2934 977 3033 imprudenter,
1016 2935 1071 3005 sed
1113 2961 1188 3005 curn
1220 2938 1308 3033 ejus,

233 3035 292 3129 qui
312 3033 442 3131 pridem
468 3033 669 3132 deliquerat,
702 3050 870 3132 comperta
900 3031 1085 3105 emendatio
1118 3048 1167 3103 est
1190 3032 1258 3129 (l).

275 3205 319 3287 (l)
341 3209 416 3267 Cau.
434 3209 473 3269 55
488 3226 570 3269 cous.
587 3210 627 3269 25
641 3216 749 3291 pacat.
762 3212 795 3269 l.

284 3360 316 3459 ᾗ.
349 3361 391 3432 ll.
423 3363 466 3433 Et
507 3366 663 3460 quoniam
694 3364 814 3461 duplex
839 3381 888 3437 est
920 3364 1060 3436 ecclcsiae
1096 3364 1224 3454 lorum,
1256 3366 1313 3435 in-

232 3462 337 3529 terius
366 3478 400 3530 et
426 3464 584 3550 exterius,
621 3489 657 3532 ac
691 3488 835 3534 censura
867 3466 905 3533 in
935 3479 1076 3557 utroque
1104 3464 1310 3557 irrogantur,

233 3556 358 3654 duplex
388 3558 468 3628 item
503 3574 552 3630 est
580 3559 757 3649 absolutio,
793 3560 912 3651 altera,
951 3584 1028 3658 quoe
1063 3562 1096 3631 in
1127 3560 1199 3633 soro
1221 3565 1310 3633 inte-

232 3657 335 3743 riori,
368 3657 488 3747 altera,
518 3681 592 3753 qaae
622 3660 656 3727 in
690 3657 760 3729 loro
786 3660 938 3729 exteriori
969 3655 1171 3728 conceditur.
1204 3657 1311 3730 Abso-

231 3752 317 3823 lutio
342 3755 378 3822 in
416 3753 487 3826 loro
521 3757 670 3826 interiori
702 3754 798 3825 datur
829 3781 846 3824 a
881 3754 1068 3845 sacerdote,
1103 3758 1160 3853 qui
1200 3757 1313 3852 poeni-

232 3852 350 3921 tentiae
382 3869 619 3922 sacramentum
650 3851 876 3942 administrat,
907 3878 1009 3947 eaque
1042 3852 1208 3924 hominem
1242 3853 1312 3923 Deo

233 3947 443 4036 reconciliat,
489 3948 647 4021 absolutio
691 3952 726 4019 in
772 3948 844 4020 soro
893 3951 1045 4020 exteriori
1094 3948 1249 4018 tribuitur
1294 3974 1312 4017 a

227 4043 366 4141 judice,
402 4046 459 4142 qui
496 4071 664 4118 censuram
703 4046 842 4136 inflixit,
886 4071 990 4142 eaque
1016 4061 1092 4141 post
1118 4046 1312 4115 sententiam

233 4157 403 4212 externam
433 4169 545 4239 pacem
576 4146 730 4214 restituit.
762 4143 910 4240 Utraque
942 4142 1100 4213 absolutio
1133 4142 1216 4222 suis,
1231 4140 1313 4211 fini-

233 4238 295 4311 bus
338 4241 537 4313 continetur.
578 4240 693 4338 ltaque
730 4244 787 4337 qui
820 4244 855 4311 in
892 4243 1043 4329 interno,
1087 4254 1144 4309 aut
1176 4252 1311 4407 {aterno

334 4360 413 4408 τοι.
441 4363 477 4408 rr.
1153 4336 1168 4405 l
1204 4390 1211 4407 .
