3575 5625
908 603 1130 675 -558-

475 755 617 834 sumptio,
643 771 709 833 que
736 752 810 828 sert,
827 758 862 812 ut
877 758 1044 812 contractus
1071 750 1222 814 usurarius
1243 757 1415 827 tenuentur,
1441 749 1553 812 scilieet

472 847 506 979 iit
518 837 641 917 periculi
652 834 840 975 simuletiortre
855 832 969 974 frotetus
983 851 1020 893 ex
1033 832 1236 975 mutttrlpueloiuti
1251 831 1553 974 viiiiinwioihimm

494 935 630 980 eernere
674 934 781 977 recum
817 933 845 975 ro
868 933 900 976 es
997 931 1098 977 aecon
1174 935 1189 975 n
1238 931 1272 976 ro
1323 931 1391 975 rone
1537 947 1553 960 ·

472 1008 544 1077 test,
565 1007 598 1060 ut
613 936 718 1068 cetiroe
736 933 906 1076 hujirsmodi
922 933 1167 1075 prqdlsumptioncs
1185 933 1340 1057 toiiuntur.
1363 999 1467 1074 {toque
1486 931 1554 1056 gg.

472 1081 553 1142 ditor
567 1098 627 1141 non
642 1078 818 1158 prohibetur
831 1096 868 1139 ex
891 1077 1048 1157 tmjeetitia
1070 1079 1193 1157 pecunie
1217 1095 1320 1138 usuros
1336 1077 1471 1157 exigere,
1498 1079 1551 1138 sed

472 1163 602 1241 primum
621 1160 710 1222 debet
726 1177 880 1222 removere
894 1157 972 1239 juris
984 1159 1258 1240 presumptionem,
1275 1167 1363 1236 etque
1375 1157 1552 1232 ostendere,

472 1262 580 1305 senon
598 1243 735 1305 simuleto
755 1243 902 1322 periurio,
929 1241 972 1302 uti
1001 1241 1050 1301 iliu
1072 1240 1131 1302 iert
1158 1241 1364 1320 presumptio,
1386 1257 1423 1300 ex
1446 1247 1552 1302 mutuo

472 1343 576 1386 usurus
594 1325 772 1404 percepisse,
798 1323 851 1384 sed
872 1341 973 1384 revers
999 1339 1101 1383 omnes
1126 1321 1221 1383 mutui
1250 1340 1350 1383 moses
1376 1321 1478 1399 procui
1498 1320 1554 1381 ho·

473 1406 587 1482 troisse,
609 1416 698 1485 etque
719 1407 758 1467 ob
783 1423 877 1467 unum
904 1425 921 1466 ιι
944 1423 976 1466 se
995 1413 1162 1484 suseeptum
1179 1404 1341 1484 periculum
1364 1403 1480 1462 luorum
1504 1403 1555 1464 οἱ)

473 1489 608 1550 tinuisse.
625 1492 693 1549 lioee
715 1485 836 1566 quidem
861 1503 928 1547 meo
946 1485 1060 1565 judicio
1082 1503 1150 1546 vcro
1175 1503 1209 1546 eo
1234 1502 1371 1567 germane
1393 1493 1438 1544 est
1460 1487 1554 1545 inter-

472 1570 598 1650 pretctio
615 1570 804 1650 Gregorinnae
822 1568 977 1629 decretalis
992 1567 1025 1628 in
1040 1585 1106 1650 cop.
1123 1565 1180 1629 uit.
1199 1565 1236 1628 de
1249 1585 1350 1643 utun,
1367 1564 1406 1626 de
1419 1584 1477 1645 quo
1492 1574 1554 1627 tom

472 1652 561 1712 varie
576 1651 714 1729 interque
729 1669 761 1712 se
781 1649 988 1711 dissentientes
1010 1650 1229 1710 canonistarum
1254 1648 1409 1710 sententiae
1429 1647 1555 1708 circum·

473 1733 620 1794 secuntur.
645 1737 743 1812 Atque
769 1731 809 1792 ito
834 1731 969 1811 nunejus
992 1731 1166 1792 senonicum
1187 1731 1310 1792 minime
1333 1727 1453 1792 sustulit
1478 1747 1556 1790 non-

472 1815 563 1874 tioum
590 1814 686 1876 smnus
709 1813 789 1893 quod
811 1813 880 1890 jure
901 1813 979 1874 civili
1001 1811 1158 1892 probutum
1184 1819 1238 1874 est.
1266 1815 1327 1874 noe
1350 1828 1445 1872 unum
1474 1811 1556 1872 inter

473 1905 633 1974 utrumque
654 1895 703 1974 jus
727 1895 888 1956 discrimen
919 1893 1091 1967 intercedit,
1124 1894 1205 1973 quod
1236 1893 1408 1954 canonicum
1438 1891 1556 1954 inducit

473 1978 748 2055 presumptionem,
767 1993 857 2054 ιιιιιιιι
878 1993 937 2037 non
953 1975 1066 2037 inducit
1084 1975 1133 2056 jus
1149 1974 1251 2053 civile,
1270 1973 1399 2036 simulati
1413 1975 1555 2054 periculi,

473 2066 507 2119 ut
521 2077 618 2119 usuroe
633 2076 668 2119 ex
679 2067 783 2118 mutuo
794 2059 962 2119 solvuntur.

475 2210 551 2379 vidi·
580 2211 662 2285 ΧΠ.
692 2215 736 2283 At
760 2215 916 2310 quoniam
943 2209 1053 2308 legum
1080 2213 1163 2284 rutio
1185 2212 1387 2282 sanctissime
1410 2227 1445 2282 et
1471 2235 1556 2308 pm.

528 2311 691 2380 entissime
720 2313 896 2381 constituta
927 2334 1013 2407 saepe
1050 2309 1221 2383 hominum
1254 2308 1376 2379 mulitia
1416 2333 1555 2406 perrer-

473 2409 567 2494 titur,
592 2407 722 2475 invente
744 2420 822 2476 sunt
837 2403 1029 2478 diverticulo
1050 2423 1084 2480 et
1104 2405 1263 2477 simulatio
1278 2431 1389 2478 rerum
1404 2409 1554 2503 speeies,

473 2503 516 2573 de
564 2502 684 2598 quibus
725 2527 802 2572 sune
848 2503 1063 2601 praecidendis
1110 2503 1358 2600 credendisque
1405 2507 1555 2601 oportuit
1670 2537 1671 2552 ι

473 2602 625 2695 cogitare.
662 2597 806 2683 Quidum
837 2625 937 2698 porro
971 2627 1142 2674 usurarum
1174 2616 1361 2698 tegumenta
1393 2617 1557 2698 qutertmt

473 2713 641 2768 contractu
692 2699 867 2795 emptionis
906 2698 1122 2788 venditionis3
1163 2725 1240 2771 cum
1288 2700 1362 2796 quis
1403 2697 1558 2771 videlicet

473 2820 544 2867 rem
584 2793 678 2866 elteri
717 2793 831 2867 vendit
867 2822 996 2871 summo
1032 2799 1137 2895 pretio
1173 2799 1262 2897 justu
1308 2820 1377 2869 non
1417 2814 1554 2895 uoueptu

473 2894 631 2990 pecunia,
667 2919 744 2965 cum
771 2908 887 2992 puoto,
921 2910 960 2963 ut
986 2894 1198 2967 adumbratus
1229 2894 1281 2965 hic
1316 2893 1468 2967 venditor
1495 2910 1558 2967 sta·

475 2992 534 3061 tim
563 2991 702 3091 abipso
731 3007 881 3088 emptore
915 3016 987 3063 rem
1021 2996 1156 3064 minoris
1187 3006 1293 3083 emet,
1331 3018 1369 3063 ec
1407 2994 1556 3089 pretium

474 3105 656 3161 enumeret.
696 3086 910 3161 Contreotum
938 3089 1027 3160 huno
1059 3088 1196 3186 plenum
1229 3088 1350 3161 frondis
1372 3106 1408 3161 et
1429 3089 1555 3187 decep-

472 3188 589 3276 tionis,
609 3212 708 3283 quem
732 3186 867 3283 Hispani
887 3186 1092 3260 notuerunt
1111 3185 1295 3286 appellunt,
1317 3202 1406 3259 recte
1424 3190 1555 3284 impro-

473 3280 553 3353 bent
582 3283 722 3355 ecclesie
753 3283 859 3381 leges,
892 3296 993 3383 etque
1030 3288 1117 3358 inter
1162 3284 1323 3357 usurarios
1364 3300 1552 3357 contractus

476 3396 648 3449 recensent
676 3382 742 3476 (i).

514 3524 559 3605 (t)
578 3526 766 3587 innocentius
786 3530 827 3589 Xi
843 3528 1013 3609 hujusmodi
1041 3538 1223 3593 contractum
1249 3530 1400 3593 domnuvit
1423 3533 1556 3612 proposi·
1668 3520 1669 3545 *

476 3604 556 3665 tione
572 3607 706 3667 tutarer
721 3610 934 3687 propositiones
949 3612 986 3673 eb
1006 3630 1039 3672 ea
1053 3611 1205 3675 demnntes
1219 3613 1266 3675 his
1279 3621 1418 3693 consepto
1437 3614 1554 3675 verbis:

481 3710 494 3738 u
508 3688 679 3748 Contractus
693 3689 827 3751 mohotrn
838 3692 935 3753 licitus
950 3700 994 3753 ost
1007 3692 1094 3755 etism
1109 3702 1243 3775 respectu
1258 3694 1390 3774 ejusdem
1402 3712 1551 3775 persone,

474 3773 505 3828 et
527 3777 770 3831 cumoootmctu
793 3772 1054 3836 retrovenditionis
1075 3778 1184 3854 previe
1201 3778 1276 3837 inito
1297 3794 1365 3837 oum
1388 3777 1554 3839 intentione

474 3848 561 3909 lucri.
573 3875 586 3901 n
608 3850 716 3911 Conier
726 3852 815 3913 etiem
826 3856 857 3916 S.
874 3854 1011 3917 Gerulum
1021 3858 1222 3919 Borromeum
1231 3857 1265 3919 in
1272 3855 1382 3942 synod.
1390 3856 1549 3942 moeret

476 3939 537 3992 oet.
551 3926 651 3993 eccho
668 3930 790 3994 Medici.
805 3951 876 4015 pur.
901 3937 916 3995 i
932 3954 1003 4019 pop.
1022 3940 1059 4000 56
1075 3937 1145 4001 edit.
1162 3942 1270 4002 Puteo.
1289 3942 1385 4017 tuot,
1400 3947 1431 4001 et
1446 3944 1552 4005 corur-
1667 3990 1668 4017 ,

476 4014 592 4075 rusiam
601 4030 668 4074 our.
684 4010 774 4075 mol.
787 4012 837 4077 tu.
853 4017 954 4101 2cap.
968 4022 986 4081 5
998 4017 1034 4080 dc
1046 4038 1133 4083 usur.
1150 4040 1235 4083 num.
1250 4023 1268 4084 6
1285 4022 1319 4084 in
1329 4020 1388 4104 fin.

526 4142 559 4243 ς.
586 4144 682 4217 ΧΙΙΙ.
719 4145 844 4221 Eodem
881 4149 954 4221 loco
983 4152 1039 4249 jus
1078 4156 1272 4227 canonicum
1317 4150 1418 4224 hebet
1455 4156 1553 4225 euti·
