3575 5625
1311 586 1332 631 V

255 708 369 767 Vestrae
382 706 503 780 Consul,
519 707 602 787 cujus
616 708 772 788 praecipuae
786 708 817 769 in
831 713 912 769 tanta
930 706 985 769 huc
1003 706 1129 769 utilitate
1141 706 1234 769 Vobis
1252 724 1333 768 com·

255 787 385 867 peranda
400 797 497 865 partes
509 789 645 860 luerunt,
662 793 767 869 cuique
785 790 887 849 datum
905 791 1034 859 videtur,
1052 798 1086 850 ut
1102 790 1216 851 alllictm
1230 790 1331 850 Galliae

256 869 500 948 tranquillitatem
530 879 560 931 et
590 870 724 933 ordinem
757 873 940 941 restitueret,
972 868 1128 932 Catholicae
1157 872 1332 951 Religionis,

256 952 447 1012 Constantino
460 954 502 1013 illi
518 972 625 1033 magno
634 954 816 1027 simillimus,
832 952 1003 1033 praesidium
1015 952 1149 1024 allectus,
1162 953 1334 1031 gloriosissi·

255 1050 335 1093 mam
352 1034 383 1094 in
401 1035 606 1095 Ecclesiasticis
628 1036 788 1097 Galliarum
808 1035 1008 1097 monumentis
1025 1034 1149 1095 istorum
1167 1042 1334 1112 temporum

256 1115 489 1177 recordationem
513 1122 557 1177 cst
589 1117 757 1179 relicturus.
795 1117 926 1198 Excipite
957 1118 1050 1199 igitur
1076 1117 1151 1176 lata
1186 1122 1335 1196 gratesque

256 1196 365 1258 mentis
392 1196 488 1259 officio
515 1198 693 1277 Apostolicus
723 1200 862 1275 Litteras,
893 1216 967 1279 quas
995 1196 1197 1260 nuntiavimus
1225 1196 1332 1271 Vobis,

258 1296 389 1357 quasque
402 1278 450 1339 bic
462 1279 648 1357 subjicimus.

258 1435 342 1496 l‘lUS
357 1454 517 1510 srucorns,
530 1454 634 1497 saavus
645 1455 788 1499 saaroaun
802 1440 874 1511 Dar,
890 1456 927 1499 an
942 1455 1103 1499 rnnrnruau
1120 1454 1163 1496 aar
1178 1452 1332 1496 aaronita.

300 1592 424 1652 Ecclesia
437 1592 561 1666 christi,
576 1612 665 1672 qnam
677 1593 878 1657 uicinitatem
891 1603 1021 1657 sanctam
1037 1592 1218 1655 Hierusalem
1228 1608 1335 1653 uanam
1422 1586 1431 1604 ⁴

258 1672 484 1735 doeceadeutem
499 1675 536 1735 de
548 1678 619 1737 coelo
630 1696 647 1737 a
659 1680 721 1737 llco
733 1677 808 1737 vidit
818 1681 960 1749 loannes,
974 1676 1043 1737 inde
1054 1676 1238 1754 potissimum
1252 1691 1336 1734 suam

257 1756 365 1835 repetit
374 1755 556 1829 firmitatem,
568 1766 729 1836 ceteraque
739 1767 910 1820 ornamenta
919 1757 1027 1836 quibus
1057 1755 1160 1818 rmdita
1172 1754 1335 1835 consurgit,

257 1835 339 1915 quod
350 1835 459 1899 nedum
473 1840 594 1912 Sancta,
607 1839 753 1901 catholica
768 1848 798 1901 et
809 1840 984 1921 Apostolica,
998 1776 1056 1901 serf
1064 1847 1093 1899 et
1106 1841 1169 1899 Una
1184 1838 1232 1908 sit,
1248 1854 1337 1916 super

258 1919 348 1979 unius
362 1920 508 1981 soliditate
518 1928 610 2000 petrae
619 1921 751 1983 lundata.
764 1926 805 1983 Ex
817 1922 919 1995 firma,
934 1931 964 1983 et
978 1920 1121 1983 constanti
1134 1919 1336 1979 membrorum

260 2001 393 2061 Ecclesiae
407 2002 539 2062 omniurn
553 2004 662 2064 unione
673 2005 703 2065 in
715 2003 818 2069 eadem
833 2004 903 2076 lide,
917 2006 948 2065 in
961 2004 1064 2065 iisdem
1080 2001 1289 2071 Sacramentis,
1305 2000 1337 2060 in

259 2080 365 2141 iisdem
377 2083 500 2145 uinculis
511 2083 677 2156 charitatis,
693 2086 724 2147 in
739 2086 933 2164 subjectione,
949 2094 1036 2165 atque
1049 2084 1190 2162 obsequio
1202 2081 1337 2143 omnium

258 2162 391 2241 legitimo
400 2166 506 2243 capiti,
521 2174 580 2227 tota
590 2167 635 2227 vis
645 2167 692 2227 illa
702 2186 736 2227 uc
745 2167 934 2245 pulchritudo
944 2176 998 2236 est,
1011 2186 1068 2245 qua
1080 2165 1168 2243 bajus
1179 2164 1336 2243 mysticum

261 2262 367 2323 corpus
379 2246 553 2309 nobilitatur
564 2265 598 2309 ac
610 2254 741 2328 prestat.
756 2248 841 2325 Quod
856 2248 945 2310 decus
959 2248 1021 2328 ejus
1034 2248 1215 2328 praecipuum
1229 2263 1262 2305 ac
1275 2245 1338 2305 sin-

261 2327 363 2405 gulare
375 2328 554 2409 Redemptor
562 2340 672 2403 noster,
685 2350 752 2391 cum
762 2340 792 2393 et
804 2330 867 2410 ejus
878 2332 1031 2411 proprium
1043 2348 1115 2399 csse,
1130 2337 1160 2389 et
1171 2326 1337 2388 conservari

260 2409 401 2485 usquead
413 2413 692 2475 consummationem
706 2414 804 2475 saeculi
815 2414 943 2475 maxime
954 2412 1079 2474 voluerit
1091 2412 1121 2472 in
1133 2410 1234 2471 eadem
1247 2408 1339 2469 Eccle-

261 2490 316 2562 sia,
330 2508 419 2568 quam
429 2494 584 2567 acquisivit
595 2496 737 2572 sauguine
746 2514 811 2567 suo,
826 2503 983 2573 antequam
995 2495 1031 2555 ad
1043 2498 1159 2555 Putrem
1170 2489 1339 2553 ascenderet

260 2570 461 2632 memorandis
471 2573 526 2631 illis
535 2574 634 2633 verbis
643 2575 685 2633 sic
694 2594 748 2651 pro
758 2594 792 2635 ea
804 2578 917 2637 orarit:
938 2602 951 2629 a
963 2580 1049 2638 Pater
1059 2583 1169 2647 sancte,
1182 2591 1264 2634 serva
1277 2588 1337 2641 eus,

259 2678 273 2707 s
303 2670 377 2730 quos
394 2650 502 2713 dedisti
520 2652 611 2722 mihi,
631 2661 664 2713 ut
683 2655 742 2713 sint
761 2673 854 2716 unum
876 2657 951 2715 sicut
969 2664 997 2715 ct
1018 2673 1071 2715 nos
1074 2697 1165 2717 .......
1185 2660 1220 2713 ut
1238 2670 1339 2713 ornnes

260 2758 275 2788 a
303 2751 397 2795 unum
413 2733 472 2794 sint
492 2736 568 2796 sicut
587 2744 636 2809 tn,
658 2738 760 2809 Pater,
779 2737 810 2797 in
825 2754 888 2810 me,
906 2744 936 2797 ct
949 2754 1003 2817 ego
1018 2737 1048 2797 in
1067 2744 1113 2814 tc,
1135 2744 1168 2796 ut
1186 2734 1287 2815 stipsi
1307 2734 1340 2794 in

261 2841 275 2870 a
304 2817 389 2878 nobis
403 2835 496 2878 unum
511 2819 582 2878 siut.
599 2842 613 2871 a

305 2900 373 2959 llmc
387 2901 446 2960 Nos
459 2900 558 2960 animo
571 2900 745 2979 cogitantes,
762 2899 849 2960 simul
867 2917 901 2959 ac
914 2895 1095 2958 inscrutabili
1110 2896 1217 2956 divine
1232 2895 1338 2956 Provi-

264 2978 371 3041 dentia)
385 2982 521 3053 oonsilio,
537 2981 574 3043 ad
591 2999 761 3061 supremum
780 2980 965 3060 Apostolatus
978 2979 1106 3058 apicem,
1121 2978 1189 3038 licet
1204 2975 1335 3056 indigni,

262 3062 357 3122 vocati
371 3061 496 3136 luimus,
512 3064 612 3124 statim
625 3065 822 3126 convertimus
835 3063 934 3123 oculos
948 3069 1063 3122 nostros
1076 3057 1117 3120 od
1129 3054 1274 3140 populum
1288 3075 1338 3118 cc-

263 3142 452 3226 positionis,
464 3143 587 3206 solliciti
596 3163 716 3207 seruarc
729 3145 877 3207 unitatem
890 3144 924 3204 ia
936 3139 1054 3204 uinculo
1062 3139 1162 3223 pacis,
1176 3138 1340 3216 Galliasque

263 3225 449 3304 potissimum
460 3227 618 3300 intuentes,
631 3228 834 3310 magnitudine
843 3227 1010 3306 regionum,
1023 3223 1196 3304 populorum
1207 3219 1340 3298 frequen·

263 3307 321 3378 tia,
347 3325 381 3366 ac
399 3307 561 3386 Religionis
579 3311 671 3390 gloria
695 3310 797 3371 multis
814 3309 874 3388 jam
891 3307 1004 3370 saeculis
1024 3302 1338 3376 commendatissimas,

264 3389 393 3449 maximo
416 3389 517 3452 dolore
543 3391 639 3451 allecti
660 3411 777 3465 suanus,
800 3408 869 3452 cum
891 3387 1185 3452 animadverterimus
1208 3385 1340 3464 regiones

264 3471 341 3547 ipsas
354 3489 420 3548 ques
434 3471 546 3532 tamdiu
561 3474 692 3534 Ecclesiae
710 3474 798 3534 decus
814 3492 848 3533 ac
865 3471 976 3533 delicias
991 3471 1170 3542 extitissent,
1187 3467 1340 3548 postremis

265 3550 345 3611 bisce
372 3554 570 3631 temporibus,
606 3555 751 3616 intestinis
782 3553 1052 3632 perturbationibus
1083 3551 1155 3612 adeo
1181 3549 1340 3630 exagitatas

263 3633 370 3704 luisse,
383 3641 417 3693 ut
428 3637 589 3696 maximum
606 3638 719 3716 Religio
734 3637 945 3697 detrimentum
962 3634 1067 3695 exinde
1082 3633 1239 3713 acceperit,
1256 3630 1338 3709 cujus

264 3733 367 3790 causa,
382 3717 543 3778 recolendae
557 3719 705 3780 memorie
719 3719 788 3780 Pius
800 3722 851 3781 vl.
867 3722 1006 3780 Decessnr
1019 3725 1117 3778 noster
1129 3724 1172 3776 tot
1186 3721 1339 3790 tantasque

265 3815 350 3858 curas
367 3797 521 3875 impendit.
542 3799 684 3860 Nolumus
701 3803 760 3861 Nos
780 3800 829 3861 lrie
845 3799 1122 3861 commemoratione
1141 3797 1285 3878 malorum
1304 3811 1336 3853 ea

264 3879 387 3939 rulaeru
400 3879 554 3950 refricare,
570 3899 637 3959 quae
655 3881 754 3942 divina
769 3881 956 3943 Providentia
975 3899 1053 3942 nunc
1067 3896 1170 3940 serrare
1188 3881 1336 3956 properat.

263 3959 379 4035 Quibus
396 3979 449 4022 nos
466 3959 565 4022 divina
580 3979 636 4041 cpe
653 3963 761 4041 adjuti,
779 3981 846 4025 cnm
867 3971 1030 4042 opportuna
1050 3959 1178 4022 remedia
1198 3955 1338 4016 adhibere

265 4043 393 4102 maxime
411 4060 601 4122 cuperemus,
622 4044 693 4106 illud
711 4043 890 4125 jampridem
914 4043 1086 4124 apostolicis
1106 4039 1213 4100 uostris
1232 4036 1338 4098 litteris

266 4121 446 4186 diedecima
469 4126 572 4203 quinta
592 4126 660 4188 llaii
683 4128 844 4207 superioris
864 4126 935 4187 anni
956 4126 994 4186 ad
1018 4125 1167 4214 universus
1186 4119 1340 4200 llpiscopos
