3575 5625
710 589 856 660 -405
883 631 932 646 -

270 738 491 818 aliisepiscopis
504 737 647 813 subsunt3
670 737 750 817 quod
763 757 833 798 sune
850 737 929 798 idem
951 747 995 798 est
1008 757 1041 799 ac
1067 739 1169 801 tollere
1194 741 1355 820 primatum

266 822 494 902 jurisdictionis,
515 839 606 898 quem
621 839 770 882 summum
783 819 956 880 Pontificem
967 821 999 880 in
1014 829 1105 882 totam
1127 824 1277 884 ecelesiam
1300 825 1355 886 hn-

270 907 360 981 bere,
382 905 462 964 inter
475 903 634 964 catholicos
647 920 749 963 omncs
762 909 887 961 constat.
911 905 986 964 Sene
1004 903 1028 962 si
1041 902 1103 964 laec
1113 897 1280 984 jurisdictio
1291 925 1354 968 sese

269 985 399 1048 effundit
427 987 458 1044 in
483 985 634 1046 ecclesiam
656 985 841 1056 universam,
868 985 892 1043 si
921 991 1064 1062 quotquot
1088 985 1118 1046 ln
1141 1005 1174 1047 ee
1198 997 1354 1050 versantur

270 1073 406 1130 Romano
421 1066 557 1128 Pontifici
570 1065 784 1144 subjiciuntur,
797 1065 821 1125 si
846 1064 909 1144 ipsc
923 1065 1032 1128 Christi
1051 1064 1234 1129 institutione
1249 1079 1354 1147 preest

270 1149 412 1210 omnibus
425 1157 488 1209 tum
502 1149 659 1227 episcopis,
673 1158 737 1208 tum
757 1147 863 1208 oribus
875 1149 973 1228 gregis
984 1147 1123 1208 dominici
1138 1194 1146 1220 ,
1165 1151 1353 1213 menifestum

272 1239 334 1307 cst,
362 1230 529 1309 quodcum
552 1231 615 1309 ipse
638 1229 696 1289 lert
720 1230 1070 1304 excommunicationem,
1096 1249 1156 1290 non
1184 1232 1215 1291 in
1244 1233 1354 1296 alienos

271 1313 424 1387 subditos,
438 1312 536 1373 sedin
559 1329 625 1387 eos,
648 1327 722 1389 quos
747 1311 803 1372 sibi
827 1330 897 1372 rere
921 1319 952 1371 et
979 1311 1098 1392 proprie
1120 1312 1189 1390 jure
1210 1314 1353 1392 primatus

272 1394 421 1474 subjectos
431 1393 535 1469 habet,
549 1393 725 1454 sententiam
747 1392 829 1453 dicit.
853 1395 956 1472 ltaque
970 1393 1219 1472 quemadmodum
1235 1413 1355 1458 excom-

273 1476 436 1538 municatio
448 1476 576 1555 episcopi
591 1475 622 1535 in
636 1493 705 1536 suos
719 1475 896 1536 dioecesanos
910 1493 998 1537 verus
1012 1483 1057 1536 est
1080 1484 1161 1537 nctus
1172 1476 1355 1554 jurisdictio-

273 1557 489 1636 nis‚qucninm
503 1558 534 1617 in
556 1575 606 1618 ecs
626 1557 785 1635 imperium
797 1566 827 1617 ει
841 1565 1014 1635 potestatem
1040 1557 1146 1636 habet,
1173 1559 1214 1618 ita
1237 1576 1354 1622 excom-

274 1640 436 1702 municatio
449 1641 573 1701 Romani
586 1638 736 1702 ronuficia
757 1639 788 1700 in
801 1657 904 1700 omnes
918 1639 1108 1715 christianos,
1134 1659 1222 1700 verus
1242 1649 1272 1700 ct
1285 1659 1355 1720 pro·

273 1721 358 1799 prins
381 1729 426 1782 est
436 1720 650 1800 jurisdictionis
664 1729 761 1795 udus,
784 1721 923 1800 quonism
949 1721 989 1782 ila
1011 1721 1070 1781 lert
1081 1720 1194 1782 indoles
1205 1730 1235 1781 et
1250 1732 1352 1784 natura

274 1803 438 1878 edmarus,
455 1811 598 1864 utomnes
612 1805 639 1864 ei
654 1803 858 1882 subjiciantur.
883 1806 924 1864 lix
941 1821 999 1880 quo
1015 1803 1098 1863 facile
1117 1805 1260 1864 evertitur
1274 1807 1354 1882 quod

274 1884 438 1947 Febronius
459 1885 531 1945 dicit
551 1884 589 1947 de
606 1904 666 1946 non
691 1884 858 1946 metuendis
880 1888 1079 1946 Romanorum
1104 1883 1280 1946 Pontificum
1300 1905 1352 1948 ex-

274 1967 600 2028 communicationibus.
623 1971 697 2029 llam
724 1968 749 2027 si
775 1966 910 2028 Pontifex
929 1964 1164 2046 jurisdictionem
1192 1969 1222 2028 in
1251 1957 1354 2030 omnes

275 2049 450 2110 christianos
463 2048 567 2124 hehet,
587 2067 689 2110 omnes
709 2057 788 2109 certe
801 2055 942 2109 tenentur
957 2050 1271 2125 excommunicatione,
1289 2071 1356 2129 quoe

274 2131 313 2191 ab
326 2148 361 2191 eo
383 2131 441 2191 luta
465 2138 520 2191 est.
540 2131 724 2216 ineptissime
745 2139 790 2190 est
812 2139 911 2191 antem
934 2130 1084 2190 distinctio
1103 2132 1181 2191 inter
1201 2135 1308 2212 Papam
1326 2141 1356 2192 et

276 2213 394 2273 Curium
415 2215 594 2288 Romanam,
619 2231 685 2273 rum
716 2213 977 2274 excommunicatio
998 2229 1057 2272 non
1082 2233 1098 2273 a
1122 2213 1235 2289 Curiae,
1265 2214 1353 2275 seda

276 2296 308 2354 S.
324 2293 654 2356 Pontifieisauctoritate
667 2295 727 2355 vim
750 2294 874 2370 habect3
897 2293 1059 2373 eodemque
1080 2293 1214 2356 habenda
1230 2296 1292 2358 loco
1308 2306 1351 2358 est

275 2376 366 2436 altera
381 2376 532 2436 distinctio
552 2377 631 2436 inter
643 2378 743 2438 sedem
759 2380 920 2438 Romanam
943 2377 1030 2454 eique
1051 2377 1258 2456 praesidentem
1273 2397 1353 2439 sum·

273 2475 358 2518 mum
376 2456 566 2533 Pontificem,
581 2477 669 2536 quam
683 2459 902 2520 distinctionem
922 2459 980 2520 late
1001 2459 1109 2520 refutat
1127 2458 1302 2520 Bullerinius
1316 2459 1353 2520 de

275 2538 477 2600 cioerction.
533 2538 613 2600 lact.
635 2559 701 2622 cup.
723 2543 762 2601 ll
775 2537 801 2621 S.
818 2542 836 2600 ὅ
855 2560 887 2600 a.
905 2542 944 2601 25
959 2557 1021 2624 seq.
1033 2559 1068 2622 p.
1084 2543 1139 2602 uti
1158 2559 1219 2624 seq.
1233 2541 1278 2602 ed.
1296 2542 1350 2602 cil.

318 2619 361 2700 (ἢ)
374 2624 472 2696 Quem
501 2623 547 2682 lus
568 2621 601 2681 io
611 2622 758 2703 proposit.
781 2623 840 2697 90,
867 2640 955 2699 quem
980 2641 1047 2682 eum
1070 2623 1177 2683 ceteris
1202 2623 1352 2684 damnavit

277 2701 413 2764 Clemens
432 2705 472 2764 Xl
493 2702 611 2765 mereti.
634 2703 810 2784 Ualqmitur
834 2705 892 2764 lul
911 2721 983 2785 paq.
1006 2705 1066 2764 5t0
1085 2712 1156 2764 tom.
1179 2707 1218 2764 ιθ
1240 2701 1351 2765 bullar.

275 2783 421 2861 Remum,
444 2785 619 2861 «Ecclesia,
642 2786 754 2864 inquit,
777 2785 979 2846 auctoritatem
999 2785 1272 2847 excommunicandi
1300 2785 1354 2846 ha·

276 2865 342 2941 bet,
360 2874 394 2926 ut
411 2885 476 2927 cem
493 2876 626 2928 exerceat
645 2886 699 2947 per
720 2868 830 2945 primos
849 2874 997 2946 pastores,
1023 2868 1060 2928 dc
1084 2886 1228 2929 consensu
1252 2870 1354 2929 saltem

276 2948 1353 3111 ttttllzlllltl‘tulltl,tltttttlldtlplltt

277 3112 374 3196 antiq.
392 3109 489 3174 eccles.
501 3050 629 3194 ξιίιείρι.
654 3076 727 3174 dise
744 3114 763 3174 l
778 3132 846 3193 cop.
867 3115 901 3187 l,
926 3110 1062 3173 Febronii
1078 3108 1114 3171 de
1141 3116 1224 3170 statu
1248 3108 1350 3172 eccles.

277 3212 344 3276 cap.
362 3192 420 3276 1§.
438 3197 472 3270 6,
491 3202 673 3269 ceterorum,
699 3196 750 3272 qui
773 3196 941 3255 damnatum
963 3191 1111 3253 Edmundi
1137 3190 1266 3253 llichcrii
1288 3209 1352 3253 scn-

278 3279 401 3337 tcntiem
422 3284 605 3354 sequnntur,
635 3286 665 3337 et
688 3278 814 3337 clerium
839 3282 1011 3355 potestatem
1039 3273 1183 3335 collectim
1212 3274 1354 3337 membris

279 3358 407 3419 ecclcsiae
430 3357 568 3419 omnibns
592 3360 688 3419 inesse
712 3358 911 3432 arbitrantur,
937 3356 989 3417 sed
1018 3356 1080 3436 ejus
1107 3374 1192 3419 usum
1222 3364 1250 3416 ει
1270 3376 1355 3418 exer-

278 3440 381 3500 citium
405 3440 443 3501 ad
466 3441 615 3519 episcopos
638 3448 669 3501 ct
693 3439 858 3501 sacerdotes
882 3439 1042 3517 pertinere.
1069 3437 1121 3501 ilis
1144 3456 1215 3499 vero
1242 3441 1356 3517 preivit

280 3522 443 3597 lutherus,
456 3528 506 3601 qui
529 3523 799 3600 innelariooperc,
816 3521 895 3599 quod
915 3520 1119 3605 captiuitatem
1139 3516 1355 3602 Babylonicum

278 3603 443 3683 inscripsit,
459 3622 529 3685 opp.
546 3612 616 3666 tom.
633 3608 738 3685 lpcq.
751 3605 791 3663 85
803 3602 851 3664 ed.
880 3600 1080 3684 Wittcmberq.
1099 3604 1179 3663 1562
1198 3626 1210 3655 ιι
1226 3606 1353 3678 Omnes,

279 3686 390 3763 inquit,
413 3703 515 3745 sumus
534 3686 699 3747 sacerdotes
719 3692 865 3763 quotquot
884 3684 1037 3747 christiani
1051 3702 1173 3761 sumus3
1188 3685 1353 3745 sacerdotes

278 3784 367 3840 vero,
382 3785 456 3845 qnos
478 3784 630 3843 vocamus,
645 3766 774 3828 ministri
801 3775 871 3827 sunt
888 3784 926 3827 ex
950 3766 1035 3829 nobis
1049 3766 1148 3841 electi,
1177 3768 1228 3844 qui
1255 3776 1355 3827 nostro

279 3849 400 3909 nomine
422 3849 520 3909 omnin
549 3850 671 3924 iaciant,
699 3858 730 3909 et
751 3850 947 3911 sacerdotium
975 3847 1055 3909 eliud
1084 3847 1159 3909 nihil
1183 3857 1241 3922 est,
1265 3866 1353 3926 quom

279 3931 477 3992 ministerium
481 3971 594 3991 .....
610 3932 712 4009 Neque
729 3935 826 4010 Papa,
853 3948 949 4009 neque
972 3931 1140 4009 episeopus,
1161 3946 1256 4006 neque
1278 3929 1355 3988 ullus

281 4012 435 4073 hominum
454 4012 543 4073 habet
559 4012 610 4092 jus
629 4014 716 4074 unius
731 4012 850 4093 syllabae
869 4011 1082 4073 constituendae
1105 4027 1194 4087 super
1217 4008 1355 4069 christia-

279 4114 352 4154 num
373 4094 541 4171 hominem,
569 4095 624 4154 nisi
652 4095 684 4155 id
714 4094 766 4154 liat
797 4095 929 4173 ejusdcm
957 4110 1116 4167 consensu,
1149 4098 1178 4149 et
1209 4088 1355 4167 quidquid

279 4176 366 4237 aliter
383 4176 434 4248 lit,
458 4177 612 4255 tyrannico
632 4176 738 4256 spiritu
758 4176 804 4236 lit.
821 4202 835 4231 n
858 4178 896 4237 Αι
917 4176 1072 4235 innumera
1099 4179 1169 4232 sunt
1189 4170 1353 4232 testimonia
