3575 5625
677 637 872 709 ...⁹29-

228 791 454 848 muneraturus.
470 809 484 838 n
506 782 702 864 Hieronymus
712 785 747 846 iu
764 803 832 846 ooo.
849 788 887 847 25
903 803 987 848 sous.
1001 787 1137 870 tepet
1153 788 1305 868 iuquiens,

228 867 1306 1028 tttltittlttttlffitttt‘tftfflllttt‘ttttttln

878 994 887 1028 ἱ

230 1031 382 1110 pertinere
402 1038 526 1106 statuat;
554 1030 613 1092 imo
636 1031 670 1092 in
693 1033 804 1094 luem.
836 1029 876 1094 io.
901 1034 1006 1114 icop.
1031 1034 1071 1096 22
1154 1043 1258 1098 .tom.
1286 1038 1307 1097 t

230 1111 286 1175 col.
302 1113 363 1174 987
378 1111 425 1174 eol.
449 1113 556 1175 Veron.
577 1111 723 1192 quidquid
741 1113 861 1194 regibus
882 1111 915 1174 in
935 1113 1093 1194 scriptura,
1113 1117 1123 1175 i
1164 1125 1193 1176 et
1210 1124 1308 1178 snser-

231 1193 351 1257 dotibns
365 1194 467 1256 datum
480 1193 619 1256 ostendit.
632 1195 766 1274 Denique
779 1195 947 1258 Barnnrdus
955 1194 993 1258 ds
1005 1194 1119 1260 emit.
1137 1195 1178 1258 ao
1187 1199 1304 1282 Euporo.

231 1275 313 1340 lib-l
330 1295 397 1360 oup.
414 1280 432 1338 6
446 1273 501 1340 sot.
516 1275 578 1340 stt
593 1275 639 1338 ed.
653 1278 754 1340 Poris.
769 1275 940 1354 Mooitton„
955 1277 1070 1356 inquit:
1090 1280 1237 1342 «stetisse
1252 1281 1307 1343 de-

231 1361 323 1438 nique
344 1361 410 1440 lego
426 1360 571 1438 apostolos
584 1359 774 1439 junianum,
795 1359 905 1422 sedisse
917 1359 1084 1439 judiosntes
1100 1379 1160 1424 non
1182 1361 1264 1443 lego;
1286 1389 1301 1417 s

231 1459 290 1503 nnn
304 1449 339 1503 nt
349 1441 536 1521 judiciariam
550 1443 677 1504 eeclesioe
693 1449 864 1523 potestatem
881 1443 1009 1522 adimat,
1023 1443 1076 1504 sed
1092 1450 1125 1503 ut
1142 1444 1307 1524 reprehen-

231 1523 282 1583 dat
302 1541 369 1601 eos,
385 1524 436 1602 qui
455 1523 593 1606 neglectis
610 1523 686 1602 illis,
701 1543 766 1603 quea
788 1525 903 1604 potiore
921 1533 1008 1600 sunt,
1030 1524 1182 1604 judicandi
1207 1526 1305 1589 studio

230 1605 400 1746 pepiuntur.
421 1608 517 1685 Atque
539 1605 576 1700 nd
596 1605 741 1702 truciore
762 1606 891 1702 revoopri
912 1607 1011 1668 omnia
1037 1615 1159 1686 possunt
1184 1609 1306 1670 Puteum

242 1706 318 1850 ωδ)
332 1706 452 1832 tt?
453 1687 1307 1854 21¹:..llttltt{elimelettltttt

233 1851 314 1926 tino,
344 1849 506 1924 Theodosio
532 1861 561 1912 et
585 1851 725 1928 Maudio,
745 1871 779 1914 ae
795 1853 942 1915 Marciam
963 1852 1041 1914 lotis.
1069 1853 1122 1914 llis
1143 1869 1214 1912 sero
1231 1853 1308 1916 adde

232 1934 242 1992 l
283 1951 315 1994 es
336 1933 493 1995 Constantii
510 1933 735 2010 ae'Tlrsodosii‚
755 1953 821 2013 que
844 1941 915 1995 sunt
938 1932 975 1994 L.
1002 1937 1042 1996 tt
1060 1943 1089 1996 et
1110 1934 1148 1995 t.
1174 1936 1214 1996 47
1237 1934 1304 1997 eod.

237 2017 266 2074 Τ
366 2013 402 2076 ds
420 2009 511 2096 spise.
523 2021 562 2078 'st
581 2013 698 2094 eletio,
717 2025 781 2078 tum
795 2015 954 2080 iustiniani
973 2013 1088 2078 Novelt.
1106 2017 1162 2093 76,
1179 2035 1246 2096 quoe
1268 2019 1306 2080 ad

233 2095 391 2158 monachos
419 2091 565 2176 pertinet,
589 2099 639 2177 qui
661 2105 776 2159 tentum
799 2097 954 2178 episcopali
978 2095 1090 2177 judicio
1116 2097 1303 2175 subduntur,

231 2185 374 2256 praeterea
387 2181 483 2260 leges,
498 2177 570 2259 ques
586 2178 813 2256 a'lheodorieo‚
837 2180 905 2240 licet
919 2179 1016 2242 Gotho
1030 2187 1060 2241 et
1073 2180 1197 2254 Ariane,
1211 2181 1305 2244 editas

230 2269 376 2321 memorat
389 2261 593 2338 Cassiodorus,
613 2264 683 2324 Vur.
701 2259 750 2323 tit.
768 2265 781 2323 l
799 2279 846 2342 ep.
866 2263 885 2322 9
923 2303 931 2320 .
952 2263 970 2321 ⁷
986 2271 1007 2324 t.
1033 2263 1048 2322 l
1065 2261 1112 2324 ed.
1127 2259 1303 2346 Rotltomup.

232 2344 324 2404 1679.
346 2342 433 2420 Quod
456 2344 481 2404 si
506 2343 662 2422 aliquando
684 2344 803 2406 olerieos
828 2343 866 2404 ed
892 2280 980 2404 ssieos
1006 2345 1193 2424 magistratus
1219 2345 1307 2406 ivisse

232 2425 384 2487 memorie
397 2426 548 2506 proditum
567 2436 627 2502 est,
649 2426 681 2488 id
702 2425 823 2505 quidem
837 2432 888 2486 aut
904 2443 957 2504 per
975 2425 1036 2486 rim
1050 2434 1080 2486 et
1094 2426 1231 2504 inJ'urism
1245 2427 1306 2488 iac·

232 2517 296 2567 tum
314 2515 374 2585 ast,
391 2516 442 2568 aut
455 2508 564 2568 iustum
577 2527 594 2568 s
607 2509 719 2569 clericis
735 2506 892 2570 audacibus
907 2515 937 2567 et
953 2508 1114 2586 protervis,
1127 2507 1179 2587 qui
1197 2525 1228 2569 se
1242 2507 1308 2570 des-

232 2590 330 2668 picere
344 2589 467 2669 impune
480 2589 622 2668 putabunt
639 2609 723 2670 posse
740 2589 924 2650 ecelesiastici
938 2588 1048 2667 judicis
1062 2590 1236 2667 imperium,
1255 2597 1307 2651 aut

232 2671 385 2732 interdum
399 2673 488 2732 etiarn
508 2671 545 2732 ab
560 2671 631 2751 ipsis
647 2673 775 2732 eoelesios
795 2670 1012 2754 magistr-stibus
1034 2679 1068 2731 ut
1083 2670 1176 2731 civilis
1189 2689 1307 2751 quoqne

231 2754 420 2835 magistratus
441 2753 564 2832 imperio
581 2753 715 2815 homines
733 2754 763 2815 in
778 2753 873 2815 officio
887 2754 1127 2827 continerentur,
1143 2770 1306 2835 eorumque

230 2836 387 2897 sententie
402 2835 514 2896 exitum
527 2835 671 2897 haberent
686 2837 856 2897 faciliorem.
876 2838 972 2915 Atque
988 2835 1048 2897 hue
1062 2835 1217 2897 reserenda
1237 2845 1307 2897 sunt

231 2918 366 2996 sxa-pla
393 2918 546 2994 universa,
571 2934 639 2997 quae
658 2917 696 2979 de
719 2917 775 2980 hoo
799 2936 899 2979 rerum
924 2934 1032 2998 genere
1055 2936 1092 2979 ex
1116 2918 1306 2979 ecclesiastiea

232 2998 357 3061 historia
373 2999 487 3060 desumi
502 3007 634 3079 possunt.

271 3080 316 3163 (ὅ)
337 3084 402 3143 lius
422 3088 532 3161 specus
550 3082 598 3142 lex
618 3080 817 3157 Constantini,
843 3082 927 3161 eujus
948 3080 1004 3143 ieci
1025 3082 1112 3161 paulo
1133 3088 1202 3141 ente
1227 3098 1306 3143 men·

232 3166 363 3234 tionem,
380 3181 505 3243 queque
522 3170 615 3225 exstat
635 3164 666 3224 in
688 3162 787 3225 codiee
807 3162 1009 3227 Theodosiano
1024 3161 1060 3223 de
1080 3161 1169 3243 spise.
1185 3160 1304 3244 judio„

232 3247 430 3326 praetereat.
455 3247 474 3304 8
496 3254 526 3305 st
545 3247 563 3306 9
583 3242 648 3307 eod.
667 3244 703 3307 ds
759 3246 851 3329 iseop.
871 3244 994 3306 audien.
1014 3248 1124 3322 Repete
1147 3242 1235 3305 etiam
1253 3263 1305 3321 es,

232 3346 300 3407 que
309 3326 397 3408 poulo
410 3336 478 3388 ante
490 3327 528 3389 de
557 3330 719 3409 Augustino
756 3346 830 3408 eque
844 3327 999 3391 Ambrosio
1012 3326 1090 3389 dioto
1104 3334 1184 3389 sunt.

281 3522 314 3623 §.
358 3520 484 3595 XXIV.
524 3522 609 3597 Nam
652 3522 793 3597 ecclesie
837 3542 978 3622 potestas
1010 3540 1109 3621 atque
1142 3521 1307 3622 judicium

232 3638 366 3693 tentum
398 3625 541 3720 pertinet
571 3622 613 3693 ad
648 3648 699 3695 res
732 3646 835 3694 sacrus
869 3649 907 3695 ae
943 3620 1086 3712 divinas,
1126 3638 1226 3718 atque
1263 3620 1305 3692 ad

232 3744 387 3816 personas
425 3718 637 3811 olorinorum,
684 3724 742 3820 qui
783 3747 851 3793 non
895 3724 956 3791 nisi
993 3720 1134 3792 eeclesiae
1167 3722 1306 3816 imperio

232 3816 463 3915 subjiciuntur.
499 3818 539 3888 ln
572 3822 795 3892 eontroversiis
831 3819 985 3891 laieorum
1034 3843 1124 3890 mere
1161 3818 1307 3890 civilibus

233 3932 334 4013 atque
358 3915 501 4011 profanis
531 3917 632 3989 nullae
662 3935 739 3990 sunt
767 3918 907 3989 ecclesio
932 3932 1057 4013 portes,
1087 3914 1142 3987 sed
1166 3940 1203 3987 eu
1228 3931 1306 3986 tan-

233 4030 308 4084 tum
352 4030 502 4111 spectant
539 4014 581 4085 ad
618 4014 779 4114 judicium
817 4030 1076 4113 potestatemque
1119 4013 1191 4084 lsioi
1233 4038 1306 4083 ma·

233 4114 405 4206 gistratum
435 4114 528 4210 eujus
563 4115 700 4209 imperio
729 4113 794 4203 illi,
830 4132 996 4211 tamquam
1029 4108 1219 4209 reipublieae
1256 4113 1306 4179 ci-

233 4232 308 4300 ves,
344 4208 472 4283 subesse
497 4209 629 4283 debent.
663 4210 773 4297 Quoue
804 4211 953 4301 eeclesia,
982 4213 1034 4283 eui
1061 4209 1151 4283 nulls
1188 4211 1222 4278 in
1257 4206 1306 4277 his
