3575 5625
912 639 1135 713 -596-

478 790 765 863 excommunicatis
794 790 982 861 societatem
1019 805 1053 860 et
1095 789 1364 860 communionem
1404 787 1568 884 defugere

473 888 645 988 jubemur.
686 886 818 959 Scilicet
853 885 1014 958 Martinus
1053 887 1105 978 V,
1136 902 1176 958 ut
1214 885 1299 956 mala
1340 902 1375 958 et
1415 887 1569 984 pericula

480 1001 684 1076 removeret,
733 1004 809 1083 quta
857 987 956 1056 vetita
995 987 1248 1057 communicatio
1288 1009 1366 1056 eum
1406 985 1567 1056 omnibus

478 1086 766 1156 excommunicatis
815 1083 994 1173 attulisset,
1049 1085 1214 1180 sapienter
1265 1085 1434 1153 constituit
1480 1083 1564 1179 (l),

356 1231 361 1240 -
478 1199 518 1254 ut
551 1205 606 1252 eos
647 1197 775 1253 tentum
811 1183 988 1270 evitemus,
1026 1184 1063 1252 in
1098 1205 1180 1278 quos
1216 1183 1566 1252 excommunicationis

477 1281 638 1351 sententis
666 1307 691 1351 a
706 1281 834 1379 jodoco
861 1278 1070 1378 publicato,
1103 1279 1155 1352 uel
1177 1279 1394 1352 monetata
1423 1285 1566 1376 meoso-

479 1379 562 1450 liter
595 1390 629 1450 ct
674 1399 831 1476 expresse
861 1393 931 1466 est,
968 1379 1115 1472 itemque
1150 1399 1224 1466 eos,
1272 1378 1329 1472 qni
1372 1375 1481 1474 polam
1526 1379 1562 1448 in

478 1476 634 1547 clericum
670 1475 838 1570 sacrileges
875 1497 992 1546 manus
1025 1475 1232 1571 injecerunt,
1275 1497 1359 1570 quos
1401 1477 1503 1546 etism
1543 1499 1562 1544 a

474 1571 589 1671 judice
613 1595 681 1643 non
711 1573 921 1644 denuntiatos
951 1569 1095 1643 devitare
1127 1572 1297 1644 debemus.
1333 1571 1420 1644 llinc
1446 1587 1560 1644 ortum

480 1671 656 1741 discrimen
680 1673 767 1742 inter
788 1672 1084 1743 excommunicatos
1120 1670 1282 1742 vitandos
1312 1681 1346 1741 et
1376 1671 1561 1758 otacus,-

478 1783 514 1839 ct
543 1768 621 1838 inde
656 1768 804 1858 illorum,
839 1793 909 1840 non
945 1783 1055 1841 autem
1086 1765 1206 1840 horum
1243 1769 1340 1840 vetita
1377 1768 1561 1840 communi-

479 1869 564 1938 catio
593 1882 641 1936 est
660 1865 729 1962 (ἢ).

445 2008 449 2014 ’
518 2013 562 2095 (l)
583 2013 765 2075 Martinusv
787 2017 822 2075 P.
837 2014 1040 2096 ioeatrouoq.
1068 2011 1116 2075 Ad
1133 2009 1286 2090 esitando,
1300 2030 1390 2092 quum
1412 2013 1558 2094 integr-am

477 2095 620 2158 describit
641 2099 671 2156 S.
691 2094 857 2156 Antoninus
867 2095 900 2156 irs
920 2113 1040 2156 worma
1054 2091 1177 2192 tluoloy.
1202 2095 1249 2157 tit.
1273 2098 1312 2156 ts
1324 2096 1428 2176 eunt
1450 2097 1556 2176 puel

476 2177 533 2241 col.
558 2180 640 2239 1111
660 2175 731 2238 odit.
756 2179 985 2238 Veronense.
1011 2181 1086 2239 Sunt
1102 2197 1151 2255 qur
1173 2176 1261 2256 hujus
1278 2177 1388 2238 decreti
1403 2177 1555 2237 veritatem

478 2262 511 2320 in
533 2259 690 2320 discrimen
711 2265 865 2332 revocant,
892 2259 1048 2336 quonism,
1072 2259 1171 2336 ajunt,
1193 2259 1273 2320 nulla
1289 2257 1353 2337 ejus
1377 2259 1493 2318 mentio
1516 2267 1554 2318 est

478 2341 513 2400 in
532 2337 604 2398 actis
619 2338 734 2399 concilii
752 2339 997 2412 constantiensis,
1013 2347 1101 2418 atque
1118 2340 1181 2418 ejus
1197 2341 1305 2422 veritas
1321 2346 1438 2400 tantum
1454 2341 1554 2400 nititur

479 2420 705 2482 testimonias.
737 2419 878 2480 tnuntnt
905 2421 1090 2498 aliorumque
1115 2422 1309 2500 scriptorum,
1334 2422 1386 2499 qui
1416 2421 1553 2483 Antonini

478 2503 569 2565 fidem
582 2499 698 2578 sequuti
714 2509 794 2560 sunt.
819 2503 879 2574 lte,
897 2511 1006 2581 preter
1024 2511 1147 2579 ceteros,
1170 2507 1235 2566 Van
1262 2507 1356 2582 espen
1367 2502 1435 2586 juo.
1456 2499 1550 2564 ecclm.

477 2604 548 2666 por.
573 2585 592 2644 3
615 2581 661 2643 tit.
679 2583 712 2642 11
738 2599 807 2662 cop.
824 2584 841 2643 1
861 2579 889 2662 §.
908 2585 957 2644 111.
976 2583 1049 2660 Sed,
1066 2593 1099 2644 ut
1112 2593 1192 2646 recte
1205 2584 1341 2646 observat
1360 2584 1472 2645 Bened.
1488 2587 1551 2645 Xlt'

477 2664 516 2728 dr
532 2662 640 2749 synod
663 2659 779 2725 dioeces.
795 2660 845 2724 lib.
863 2665 903 2726 11
916 2683 982 2748 cup.
1011 2668 1128 2726 tauns.
1148 2669 1181 2743 t,
1208 2666 1348 2728 Antonini
1364 2665 1439 2726 fides
1454 2673 1551 2725 nutare

477 2765 539 2808 nou
563 2754 674 2827 potest,
698 2746 838 2823 quoniam
859 2745 922 2824 ejus
946 2755 1032 2808 etate
1056 2747 1207 2808 decretum
1226 2748 1299 2808 illud
1326 2747 1446 2810 Martini
1474 2749 1498 2806 V
1523 2747 1549 2805 in
1643 2756 1644 2775 ¹

478 2829 635 2890 hominurn
649 2828 784 2889 manibus
798 2830 985 2905 versabatur,
1008 2838 1038 2890 et
1051 2831 1150 2907 piures
1171 2839 1256 2891 crant
1277 2831 1327 2909 qui
1351 2830 1426 2891 illud
1441 2832 1470 2889 in
1485 2833 1550 2889 con·
1642 2840 1643 2870 t

474 2912 632 2972 stantiensi
648 2912 770 2971 concilio
784 2912 966 2990 propositum
988 2911 1125 2989 quidem,
1141 2911 1192 2973 sed
1207 2913 1364 2991 rejectum,
1387 2920 1440 2972 sut
1454 2911 1548 2970 saltem
1641 2944 1642 2966 t

479 2994 517 3053 ad
531 2993 770 3071 quinquennium
789 3002 932 3053 smtstum
952 2993 1183 3069 contendeisant3
1204 3002 1305 3055 contra
1325 3012 1399 3072 quos
1416 2994 1477 3071 ipse
1497 2994 1549 3052 lu·
1640 3054 1641 3062 ,

479 3076 600 3137 touinus
618 3074 764 3144 ostendit,
784 3074 936 3135 decretum
952 3075 1076 3135 concilio
1093 3074 1183 3135 tuisse
1199 3076 1372 3154 probatum,
1396 3076 1479 3151 eique
1492 3072 1546 3130 rim
1639 3150 1640 3156 ἵ

478 3166 653 3235 perpetuam
667 3156 855 3229 attributam,
882 3174 916 3215 ae
937 3164 1040 3216 testem
1062 3156 1187 3235 appellat
1205 3157 1355 3219 lulianum
1378 3164 1447 3215 tunc
1468 3152 1547 3213 sudi-

478 3246 574 3298 torem
606 3238 772 3317 generalem
800 3240 930 3299 Comere
954 3238 1133 3315 apostolice,
1162 3238 1270 3299 deiude
1302 3237 1492 3311 cardinalem,
1514 3252 1545 3293 es
1638 3228 1639 3252 ¹

478 3328 565 3378 etate
580 3319 726 3398 insignem
742 3318 876 3379 domnius
892 3319 1001 3379 virum.
1018 3319 1152 3394 Accedit,
1168 3320 1248 3397 quod
1270 3319 1382 3381 decreti
1402 3319 1544 3380 veritatem
1637 3336 1638 3348 ¹

477 3398 639 3458 emendant
677 3406 755 3459 certa
790 3408 821 3459 et
849 3399 1018 3461 authentico
1046 3402 1236 3477 documenta,
1271 3401 1319 3462 edi
1380 3420 1396 3461 a
1425 3404 1544 3462 Dumont
1636 3422 1637 3441 t

477 3476 542 3540 cod.
564 3478 635 3560 jur.
664 3488 746 3558 qest.
772 3476 929 3559 diplomat.
958 3488 1029 3541 torn.
1055 3485 1175 3565 lpurt.
1202 3484 1299 3557 titt,
1323 3504 1339 3543 u
1387 3485 1543 3542 Hermanno
1635 3523 1636 3538 .

477 3561 599 3620 Vondcr
622 3560 716 3620 lierdt
738 3568 809 3621 tom.
835 3564 849 3621 1
875 3559 995 3623 concilii
1022 3563 1255 3625 Constantieosis
1270 3582 1342 3645 puy.
1376 3564 1455 3623 rouo
1479 3559 1540 3622 edit.
1634 3602 1635 3632 ,

477 3643 575 3715 1710,
591 3641 642 3719 qui
659 3641 804 3701 extribus
817 3644 886 3702 uss.
911 3645 1050 3705 Csesurcae
1063 3646 1292 3707 Brunswicensis
1314 3644 1391 3708 11111.
1407 3642 1541 3705 codicibus
1633 3688 1634 3691 ,

476 3724 600 3784 concilio
614 3723 718 3782 coevis
737 3722 785 3782 illa
810 3722 921 3798 edidit,
943 3724 1187 3808 Senltenbergero
1205 3744 1306 3789 recuso.
1324 3727 1431 3807 imper.
1448 3734 1509 3786 tom.
1525 3725 1535 3781 1

476 3800 839 3949 11111111·
860 3804 1054 3951 ἢ111111·
1080 3810 1176 3949 '⁷⁴3’
1197 3804 1538 3951 0111111111

476 3906 609 4031 lodlconiae
635 3968 726 4027 1763.
755 3902 943 4029 Heliaiistem
976 3908 1536 4047 moniilesiupii'oermlnisei'epeu

477 4060 563 4125 sunt,
578 4049 742 4128 praesertim
763 4049 929 4110 incivitate
944 4052 1204 4133 llagdcburgensi,
1225 4053 1363 4131 aliisque,
1387 4053 1428 4113 uti
1448 4055 1536 4113 Hsrtr·

477 4130 605 4192 heimius
633 4131 775 4205 ostendit,
801 4147 897 4209 neque
919 4141 988 4194 sunt
1006 4134 1096 4196 Bullae
1121 4132 1175 4196 sul)
1190 4131 1328 4215 plumbo,
1355 4136 1406 4195 sed
1428 4127 1534 4211 capsula

474 4214 552 4290 pacti
572 4214 726 4293 conteuti,
742 4212 804 4274 site
824 4214 991 4276 concordati
1005 4215 1083 4277 inter
1102 4218 1261 4278 Martinum
1277 4218 1320 4293 V,
1349 4226 1378 4277 et
1405 4214 1533 4275 nationem
