<?xml version="1.0" encoding="UTF-8"?>
<!DOCTYPE html PUBLIC "-//W3C//DTD XHTML 1.0 Transitional//EN"
    "http://www.w3.org/TR/xhtml1/DTD/xhtml1-transitional.dtd">
<html xmlns="http://www.w3.org/1999/xhtml" xml:lang="en" lang="en">
 <head>
  <title>
</title>
<meta http-equiv="Content-Type" content="text/html;charset=utf-8" />
  <meta name='ocr-system' content='tesseract 3.04.00' />
  <meta name='ocr-capabilities' content='ocr_page ocr_carea ocr_par ocr_line ocrx_word'/>
</head>
<body>
  <div class='ocr_page' id='page_1' title='image "./institutionumca01devogoog_0362.png"; bbox 0 0 3575 5625; ppageno 0'>
   <div class='ocr_carea' id='block_1_1' title="bbox 691 589 910 659">
    <p class='ocr_par' dir='ltr' id='par_1_1' title="bbox 691 589 910 659">
     <span class='ocr_line' id='line_1_1' title="bbox 691 589 910 659; baseline -0.005 0"><span class='ocrx_word' id='word_1_1' title='bbox 691 589 910 659; x_wconf 74' lang='lat'>-555-</span> 
     </span>
    </p>
   </div>
   <div class='ocr_carea' id='block_1_2' title="bbox 251 738 1333 1225">
    <p class='ocr_par' dir='ltr' id='par_1_2' title="bbox 251 738 1333 1225">
     <span class='ocr_line' id='line_1_2' title="bbox 251 738 1332 839; baseline -0.002 -27"><span class='ocrx_word' id='word_1_2' title='bbox 251 744 449 839; x_wconf 84' lang='lat' dir='ltr'><strong>pecuniam,</strong></span> <span class='ocrx_word' id='word_1_3' title='bbox 483 763 561 810; x_wconf 88' lang='lat' dir='ltr'><strong>eum</strong></span> <span class='ocrx_word' id='word_1_4' title='bbox 602 763 667 833; x_wconf 88' lang='lat' dir='ltr'><strong>qua</strong></span> <span class='ocrx_word' id='word_1_5' title='bbox 701 738 956 831; x_wconf 79' lang='lat' dir='ltr'><strong>negotiationem</strong></span> <span class='ocrx_word' id='word_1_6' title='bbox 989 751 1153 808; x_wconf 79' lang='lat' dir='ltr'><strong>exerceret</strong></span> <span class='ocrx_word' id='word_1_7' title='bbox 1195 751 1230 808; x_wconf 90' lang='lat' dir='ltr'><strong>et</strong></span> <span class='ocrx_word' id='word_1_8' title='bbox 1269 741 1332 838; x_wconf 90' lang='lat' dir='ltr'><strong>ju-</strong></span> 
     </span>
     <span class='ocr_line' id='line_1_3' title="bbox 252 831 1332 935; baseline -0.002 -25"><span class='ocrx_word' id='word_1_9' title='bbox 252 840 317 911; x_wconf 83' lang='lat' dir='ltr'><strong>dex</strong></span> <span class='ocrx_word' id='word_1_10' title='bbox 344 842 379 910; x_wconf 90' lang='lat' dir='ltr'><strong>in</strong></span> <span class='ocrx_word' id='word_1_11' title='bbox 407 840 477 935; x_wconf 85' lang='lat' dir='ltr'><strong>ejus</strong></span> <span class='ocrx_word' id='word_1_12' title='bbox 498 839 546 906; x_wconf 90' lang='lat' dir='ltr'><strong>rei</strong></span> <span class='ocrx_word' id='word_1_13' title='bbox 579 837 792 906; x_wconf 62' lang='lat' dir='ltr'><strong>estimatione</strong></span> <span class='ocrx_word' id='word_1_14' title='bbox 819 837 980 904; x_wconf 88' lang='lat' dir='ltr'><strong>rationem</strong></span> <span class='ocrx_word' id='word_1_15' title='bbox 1010 831 1143 904; x_wconf 88' lang='lat' dir='ltr'><strong>habebit</strong></span> <span class='ocrx_word' id='word_1_16' title='bbox 1173 837 1332 932; x_wconf 83' lang='lat' dir='ltr'><strong>periculi,</strong></span> 
     </span>
     <span class='ocr_line' id='line_1_4' title="bbox 252 933 1333 1028; baseline 0.001 -22"><span class='ocrx_word' id='word_1_17' title='bbox 252 937 347 1008; x_wconf 86' lang='lat' dir='ltr'><strong>dubii</strong></span> <span class='ocrx_word' id='word_1_18' title='bbox 373 950 532 1022; x_wconf 84' lang='lat' dir='ltr'><strong>eventus,</strong></span> <span class='ocrx_word' id='word_1_19' title='bbox 557 933 698 1016; x_wconf 84' lang='lat' dir='ltr'><strong>laboris,</strong></span> <span class='ocrx_word' id='word_1_20' title='bbox 727 946 941 1028; x_wconf 81' lang='lat' dir='ltr'><strong>sumptuum,</strong></span> <span class='ocrx_word' id='word_1_21' title='bbox 972 954 1108 1026; x_wconf 90' lang='lat' dir='ltr'><strong>remque</strong></span> <span class='ocrx_word' id='word_1_22' title='bbox 1134 957 1266 1006; x_wconf 91' lang='lat' dir='ltr'><strong>omnem</strong></span> <span class='ocrx_word' id='word_1_23' title='bbox 1293 961 1333 1006; x_wconf 87' lang='lat' dir='ltr'><strong>ex</strong></span> 
     </span>
     <span class='ocr_line' id='line_1_5' title="bbox 253 1029 1332 1132; baseline 0.002 -28"><span class='ocrx_word' id='word_1_24' title='bbox 253 1033 417 1132; x_wconf 79' lang='lat' dir='ltr'><strong>adjunctis</strong></span> <span class='ocrx_word' id='word_1_25' title='bbox 452 1055 689 1130; x_wconf 85' lang='lat' dir='ltr'><strong>personarum,</strong></span> <span class='ocrx_word' id='word_1_26' title='bbox 730 1029 814 1120; x_wconf 88' lang='lat' dir='ltr'><strong>loei,</strong></span> <span class='ocrx_word' id='word_1_27' title='bbox 853 1053 890 1098; x_wconf 90' lang='lat' dir='ltr'><strong>ao</strong></span> <span class='ocrx_word' id='word_1_28' title='bbox 931 1031 1085 1125; x_wconf 87' lang='lat' dir='ltr'><strong>temporis</strong></span> <span class='ocrx_word' id='word_1_29' title='bbox 1126 1033 1332 1131; x_wconf 76' lang='lat' dir='ltr'><strong>regionisque</strong></span> 
     </span>
     <span class='ocr_line' id='line_1_6' title="bbox 254 1128 653 1225; baseline -0.01 -23"><span class='ocrx_word' id='word_1_30' title='bbox 254 1157 348 1204; x_wconf 89' lang='lat' dir='ltr'><strong>more</strong></span> <span class='ocrx_word' id='word_1_31' title='bbox 376 1130 554 1202; x_wconf 81' lang='lat' dir='ltr'><strong>aestimabit</strong></span> <span class='ocrx_word' id='word_1_32' title='bbox 585 1128 653 1225; x_wconf 75' lang='grc' dir='ltr'>(ὅ).</span> 
     </span>
    </p>
   </div>
   <div class='ocr_carea' id='block_1_3' title="bbox 255 1345 1336 2414">
    <p class='ocr_par' dir='ltr' id='par_1_3' title="bbox 311 1345 1331 1432">
     <span class='ocr_line' id='line_1_7' title="bbox 311 1345 1331 1432; baseline 0 -19"><span class='ocrx_word' id='word_1_33' title='bbox 311 1352 338 1432; x_wconf 78' lang='lat' dir='ltr'><strong>t)</strong></span> <span class='ocrx_word' id='word_1_34' title='bbox 360 1352 438 1413; x_wconf 88' lang='lat' dir='ltr'><strong>Vide</strong></span> <span class='ocrx_word' id='word_1_35' title='bbox 453 1353 483 1412; x_wconf 91' lang='lat' dir='ltr'><strong>S.</strong></span> <span class='ocrx_word' id='word_1_36' title='bbox 504 1350 611 1412; x_wconf 84' lang='lat' dir='ltr'><strong>Thom.</strong></span> <span class='ocrx_word' id='word_1_37' title='bbox 629 1353 659 1412; x_wconf 72' lang='lat'><strong>2.</strong></span> <span class='ocrx_word' id='word_1_38' title='bbox 673 1351 692 1409; x_wconf 58' lang='grc' dir='ltr'>ἢ</span> <span class='ocrx_word' id='word_1_39' title='bbox 705 1368 758 1432; x_wconf 84' lang='lat' dir='ltr'><strong>qu.</strong></span> <span class='ocrx_word' id='word_1_40' title='bbox 775 1349 815 1408; x_wconf 89' lang='grc'><strong>78</strong></span> <span class='ocrx_word' id='word_1_41' title='bbox 830 1349 923 1408; x_wconf 69' lang='lat' dir='ltr'><strong>artu</strong></span> <span class='ocrx_word' id='word_1_42' title='bbox 939 1345 981 1408; x_wconf 81' lang='lat' dir='ltr'><strong>od</strong></span> <span class='ocrx_word' id='word_1_43' title='bbox 995 1351 1030 1425; x_wconf 85' lang='lat' dir='ltr'><strong>t,</strong></span> <span class='ocrx_word' id='word_1_44' title='bbox 1045 1355 1073 1408; x_wconf 85' lang='lat' dir='ltr'><strong>et</strong></span> <span class='ocrx_word' id='word_1_45' title='bbox 1087 1367 1139 1432; x_wconf 81' lang='lat' dir='ltr'><strong>qu.</strong></span> <span class='ocrx_word' id='word_1_46' title='bbox 1158 1349 1198 1410; x_wconf 74' lang='lat'><strong>62</strong></span> <span class='ocrx_word' id='word_1_47' title='bbox 1213 1357 1284 1410; x_wconf 86' lang='lat' dir='ltr'><strong>tom.</strong></span> <span class='ocrx_word' id='word_1_48' title='bbox 1301 1353 1331 1413; x_wconf 79' lang='lat'><strong>5.</strong></span> 
     </span>
    </p>

    <p class='ocr_par' dir='ltr' id='par_1_4' title="bbox 255 1429 1336 2331">
     <span class='ocr_line' id='line_1_8' title="bbox 308 1429 1333 1513; baseline 0.001 -21"><span class='ocrx_word' id='word_1_49' title='bbox 308 1435 339 1513; x_wconf 70' lang='lat'><strong>2)</strong></span> <span class='ocrx_word' id='word_1_50' title='bbox 363 1437 402 1495; x_wconf 89' lang='lat' dir='ltr'><strong>Ut</strong></span> <span class='ocrx_word' id='word_1_51' title='bbox 421 1431 552 1494; x_wconf 81' lang='lat' dir='ltr'><strong>creditor</strong></span> <span class='ocrx_word' id='word_1_52' title='bbox 563 1440 685 1511; x_wconf 88' lang='lat' dir='ltr'><strong>propter</strong></span> <span class='ocrx_word' id='word_1_53' title='bbox 696 1431 837 1492; x_wconf 84' lang='lat' dir='ltr'><strong>amissum</strong></span> <span class='ocrx_word' id='word_1_54' title='bbox 849 1429 982 1504; x_wconf 87' lang='lat' dir='ltr'><strong>lucrum,</strong></span> <span class='ocrx_word' id='word_1_55' title='bbox 1008 1430 1121 1508; x_wconf 88' lang='lat' dir='ltr'><strong>quode</strong></span> <span class='ocrx_word' id='word_1_56' title='bbox 1143 1449 1196 1492; x_wconf 88' lang='lat' dir='ltr'><strong>sua</strong></span> <span class='ocrx_word' id='word_1_57' title='bbox 1210 1433 1333 1510; x_wconf 77' lang='lat' dir='ltr'><strong>pecunia</strong></span> 
     </span>
     <span class='ocr_line' id='line_1_9' title="bbox 255 1509 1334 1594; baseline 0 -18"><span class='ocrx_word' id='word_1_58' title='bbox 255 1515 395 1593; x_wconf 86' lang='lat' dir='ltr'><strong>eonsequi</strong></span> <span class='ocrx_word' id='word_1_59' title='bbox 410 1517 566 1594; x_wconf 85' lang='lat' dir='ltr'><strong>potuisset,</strong></span> <span class='ocrx_word' id='word_1_60' title='bbox 589 1521 669 1574; x_wconf 89' lang='lat' dir='ltr'><strong>reete</strong></span> <span class='ocrx_word' id='word_1_61' title='bbox 691 1529 794 1572; x_wconf 85' lang='lat' dir='ltr'><strong>usuras</strong></span> <span class='ocrx_word' id='word_1_62' title='bbox 806 1519 903 1591; x_wconf 86' lang='lat' dir='ltr'><strong>petat,</strong></span> <span class='ocrx_word' id='word_1_63' title='bbox 928 1509 986 1570; x_wconf 91' lang='lat' dir='ltr'><strong>tria</strong></span> <span class='ocrx_word' id='word_1_64' title='bbox 1010 1511 1213 1574; x_wconf 89' lang='lat' dir='ltr'><strong>demonstrare</strong></span> <span class='ocrx_word' id='word_1_65' title='bbox 1233 1511 1334 1576; x_wconf 86' lang='lat' dir='ltr'><strong>debet.</strong></span> 
     </span>
     <span class='ocr_line' id='line_1_10' title="bbox 256 1593 1335 1678; baseline -0.001 -21"><span class='ocrx_word' id='word_1_66' title='bbox 256 1599 392 1658; x_wconf 83' lang='lat' dir='ltr'><strong>Primum</strong></span> <span class='ocrx_word' id='word_1_67' title='bbox 408 1604 467 1671; x_wconf 87' lang='lat' dir='ltr'><strong>est,</strong></span> <span class='ocrx_word' id='word_1_68' title='bbox 482 1593 562 1678; x_wconf 90' lang='lat' dir='ltr'><strong>quod</strong></span> <span class='ocrx_word' id='word_1_69' title='bbox 575 1595 638 1674; x_wconf 85' lang='lat' dir='ltr'><strong>ipse</strong></span> <span class='ocrx_word' id='word_1_70' title='bbox 652 1593 807 1674; x_wconf 88' lang='lat' dir='ltr'><strong>peeuuiam</strong></span> <span class='ocrx_word' id='word_1_71' title='bbox 821 1611 905 1654; x_wconf 87' lang='lat' dir='ltr'><strong>suam</strong></span> <span class='ocrx_word' id='word_1_72' title='bbox 926 1609 986 1652; x_wconf 88' lang='lat' dir='ltr'><strong>uon</strong></span> <span class='ocrx_word' id='word_1_73' title='bbox 999 1593 1122 1654; x_wconf 88' lang='lat' dir='ltr'><strong>otiosam</strong></span> <span class='ocrx_word' id='word_1_74' title='bbox 1143 1601 1172 1654; x_wconf 90' lang='lat' dir='ltr'><strong>et</strong></span> <span class='ocrx_word' id='word_1_75' title='bbox 1197 1595 1335 1656; x_wconf 89' lang='lat' dir='ltr'><strong>inutilem</strong></span> 
     </span>
     <span class='ocr_line' id='line_1_11' title="bbox 255 1673 1333 1757; baseline -0.001 -18"><span class='ocrx_word' id='word_1_76' title='bbox 255 1679 402 1753; x_wconf 90' lang='lat' dir='ltr'><strong>retinere,</strong></span> <span class='ocrx_word' id='word_1_77' title='bbox 419 1675 471 1737; x_wconf 89' lang='lat' dir='ltr'><strong>sed</strong></span> <span class='ocrx_word' id='word_1_78' title='bbox 484 1695 551 1737; x_wconf 89' lang='lat' dir='ltr'><strong>eum</strong></span> <span class='ocrx_word' id='word_1_79' title='bbox 566 1695 599 1738; x_wconf 92' lang='lat' dir='ltr'><strong>ea</strong></span> <span class='ocrx_word' id='word_1_80' title='bbox 614 1675 842 1757; x_wconf 71' lang='lat' dir='ltr'><strong>negotiationem</strong></span> <span class='ocrx_word' id='word_1_81' title='bbox 857 1691 993 1735; x_wconf 83' lang='lat' dir='ltr'><strong>exercere</strong></span> <span class='ocrx_word' id='word_1_82' title='bbox 1006 1673 1107 1736; x_wconf 89' lang='lat' dir='ltr'><strong>soleat.</strong></span> <span class='ocrx_word' id='word_1_83' title='bbox 1124 1676 1258 1738; x_wconf 79' lang='lat' dir='ltr'><strong>Alterum</strong></span> <span class='ocrx_word' id='word_1_84' title='bbox 1273 1684 1333 1752; x_wconf 85' lang='lat' dir='ltr'><strong>est,</strong></span> 
     </span>
     <span class='ocr_line' id='line_1_12' title="bbox 256 1756 1334 1838; baseline 0 -18"><span class='ocrx_word' id='word_1_85' title='bbox 256 1759 336 1838; x_wconf 88' lang='lat' dir='ltr'><strong>quod</strong></span> <span class='ocrx_word' id='word_1_86' title='bbox 347 1758 486 1820; x_wconf 85' lang='lat' dir='ltr'><strong>habuerit</strong></span> <span class='ocrx_word' id='word_1_87' title='bbox 500 1759 531 1819; x_wconf 91' lang='lat' dir='ltr'><strong>in</strong></span> <span class='ocrx_word' id='word_1_88' title='bbox 545 1768 684 1838; x_wconf 88' lang='lat' dir='ltr'><strong>promptu</strong></span> <span class='ocrx_word' id='word_1_89' title='bbox 699 1756 816 1818; x_wconf 80' lang='lat' dir='ltr'><strong>venales</strong></span> <span class='ocrx_word' id='word_1_90' title='bbox 830 1773 958 1830; x_wconf 82' lang='lat' dir='ltr'><strong>merres,</strong></span> <span class='ocrx_word' id='word_1_91' title='bbox 975 1773 1047 1834; x_wconf 86' lang='lat' dir='ltr'><strong>quus</strong></span> <span class='ocrx_word' id='word_1_92' title='bbox 1061 1757 1125 1817; x_wconf 88' lang='lat' dir='ltr'><strong>siae</strong></span> <span class='ocrx_word' id='word_1_93' title='bbox 1146 1757 1237 1819; x_wconf 90' lang='lat' dir='ltr'><strong>dubio</strong></span> <span class='ocrx_word' id='word_1_94' title='bbox 1251 1777 1334 1820; x_wconf 88' lang='lat' dir='ltr'><strong>oom-</strong></span> 
     </span>
     <span class='ocr_line' id='line_1_13' title="bbox 255 1837 1336 1919; baseline -0.001 -17"><span class='ocrx_word' id='word_1_95' title='bbox 255 1849 400 1919; x_wconf 78' lang='lat' dir='ltr'><strong>parasset,</strong></span> <span class='ocrx_word' id='word_1_96' title='bbox 418 1841 474 1901; x_wconf 88' lang='lat' dir='ltr'><strong>nisi</strong></span> <span class='ocrx_word' id='word_1_97' title='bbox 494 1841 617 1919; x_wconf 74' lang='lat' dir='ltr'><strong>pecunia</strong></span> <span class='ocrx_word' id='word_1_98' title='bbox 637 1859 690 1900; x_wconf 85' lang='lat' dir='ltr'><strong>sna</strong></span> <span class='ocrx_word' id='word_1_99' title='bbox 708 1838 860 1899; x_wconf 79' lang='lat' dir='ltr'><strong>caruisset.</strong></span> <span class='ocrx_word' id='word_1_100' title='bbox 885 1841 1090 1914; x_wconf 84' lang='lat' dir='ltr'><strong>Postremum,</strong></span> <span class='ocrx_word' id='word_1_101' title='bbox 1111 1837 1191 1918; x_wconf 90' lang='lat' dir='ltr'><strong>quod</strong></span> <span class='ocrx_word' id='word_1_102' title='bbox 1218 1839 1336 1903; x_wconf 87' lang='lat' dir='ltr'><strong>debitor</strong></span> 
     </span>
     <span class='ocr_line' id='line_1_14' title="bbox 257 1919 1336 2000; baseline -0.001 -17"><span class='ocrx_word' id='word_1_103' title='bbox 257 1923 290 1982; x_wconf 91' lang='lat' dir='ltr'><strong>in</strong></span> <span class='ocrx_word' id='word_1_104' title='bbox 312 1941 394 1983; x_wconf 88' lang='lat' dir='ltr'><strong>mora</strong></span> <span class='ocrx_word' id='word_1_105' title='bbox 412 1922 516 1999; x_wconf 80' lang='lat' dir='ltr'><strong>fuerit,</strong></span> <span class='ocrx_word' id='word_1_106' title='bbox 538 1921 594 1982; x_wconf 87' lang='lat' dir='ltr'><strong>hoe</strong></span> <span class='ocrx_word' id='word_1_107' title='bbox 610 1929 653 1982; x_wconf 89' lang='lat' dir='ltr'><strong>est</strong></span> <span class='ocrx_word' id='word_1_108' title='bbox 674 1921 781 1982; x_wconf 88' lang='lat' dir='ltr'><strong>idoneo</strong></span> <span class='ocrx_word' id='word_1_109' title='bbox 803 1929 938 1999; x_wconf 87' lang='lat' dir='ltr'><strong>tempore</strong></span> <span class='ocrx_word' id='word_1_110' title='bbox 951 1919 1076 1980; x_wconf 85' lang='lat' dir='ltr'><strong>alienam</strong></span> <span class='ocrx_word' id='word_1_111' title='bbox 1101 1919 1256 2000; x_wconf 80' lang='lat' dir='ltr'><strong>pecuniam</strong></span> <span class='ocrx_word' id='word_1_112' title='bbox 1276 1939 1336 1984; x_wconf 88' lang='lat' dir='ltr'><strong>non</strong></span> 
     </span>
     <span class='ocr_line' id='line_1_15' title="bbox 256 2000 1336 2083; baseline 0 -19"><span class='ocrx_word' id='word_1_113' title='bbox 256 2004 436 2080; x_wconf 70' lang='lat' dir='ltr'><strong>restituerit,</strong></span> <span class='ocrx_word' id='word_1_114' title='bbox 457 2012 546 2082; x_wconf 86' lang='lat' dir='ltr'><strong>atque</strong></span> <span class='ocrx_word' id='word_1_115' title='bbox 563 2005 603 2064; x_wconf 87' lang='lat' dir='ltr'><strong>ita</strong></span> <span class='ocrx_word' id='word_1_116' title='bbox 613 2003 730 2064; x_wconf 84' lang='lat' dir='ltr'><strong>luorum</strong></span> <span class='ocrx_word' id='word_1_117' title='bbox 744 2001 945 2081; x_wconf 78' lang='lat' dir='ltr'><strong>interreperit.</strong></span> <span class='ocrx_word' id='word_1_118' title='bbox 962 2003 1034 2076; x_wconf 75' lang='lat' dir='ltr'><strong>Quae</strong></span> <span class='ocrx_word' id='word_1_119' title='bbox 1047 2003 1103 2062; x_wconf 87' lang='lat' dir='ltr'><strong>trie</strong></span> <span class='ocrx_word' id='word_1_120' title='bbox 1127 2000 1215 2083; x_wconf 86' lang='lat' dir='ltr'><strong>vulgo</strong></span> <span class='ocrx_word' id='word_1_121' title='bbox 1230 2002 1336 2064; x_wconf 88' lang='lat' dir='ltr'><strong>dieun-</strong></span> 
     </span>
     <span class='ocr_line' id='line_1_16' title="bbox 257 2081 1335 2169; baseline 0.003 -25"><span class='ocrx_word' id='word_1_122' title='bbox 257 2093 311 2145; x_wconf 87' lang='lat' dir='ltr'><strong>tur</strong></span> <span class='ocrx_word' id='word_1_123' title='bbox 330 2085 390 2146; x_wconf 85' lang='lat' dir='ltr'><strong>tria</strong></span> <span class='ocrx_word' id='word_1_124' title='bbox 403 2085 549 2169; x_wconf 71' lang='lat' dir='ltr'><strong>requiiito</strong></span> <span class='ocrx_word' id='word_1_125' title='bbox 570 2081 666 2147; x_wconf 78' lang='lat' dir='ltr'><strong>Pauli</strong></span> <span class='ocrx_word' id='word_1_126' title='bbox 679 2083 715 2145; x_wconf 85' lang='lat' dir='ltr'><strong>de</strong></span> <span class='ocrx_word' id='word_1_127' title='bbox 737 2087 855 2159; x_wconf 76' lang='lat' dir='ltr'><strong>Castro,</strong></span> <span class='ocrx_word' id='word_1_128' title='bbox 879 2083 1019 2161; x_wconf 87' lang='lat' dir='ltr'><strong>quoniam</strong></span> <span class='ocrx_word' id='word_1_129' title='bbox 1044 2101 1078 2144; x_wconf 85' lang='lat' dir='ltr'><strong>ea</strong></span> <span class='ocrx_word' id='word_1_130' title='bbox 1100 2083 1214 2163; x_wconf 87' lang='lat' dir='ltr'><strong>primus</strong></span> <span class='ocrx_word' id='word_1_131' title='bbox 1234 2102 1335 2147; x_wconf 88' lang='lat' dir='ltr'><strong>uume-</strong></span> 
     </span>
     <span class='ocr_line' id='line_1_17' title="bbox 258 2163 1336 2247; baseline 0.002 -19"><span class='ocrx_word' id='word_1_132' title='bbox 258 2167 337 2228; x_wconf 80' lang='lat' dir='ltr'><strong>ravit</strong></span> <span class='ocrx_word' id='word_1_133' title='bbox 355 2175 384 2227; x_wconf 90' lang='lat' dir='ltr'><strong>et</strong></span> <span class='ocrx_word' id='word_1_134' title='bbox 402 2168 591 2247; x_wconf 78' lang='lat' dir='ltr'><strong>explieatius,</strong></span> <span class='ocrx_word' id='word_1_135' title='bbox 614 2185 703 2245; x_wconf 83' lang='lat' dir='ltr'><strong>quam</strong></span> <span class='ocrx_word' id='word_1_136' title='bbox 722 2167 829 2240; x_wconf 81' lang='lat' dir='ltr'><strong>reteri,</strong></span> <span class='ocrx_word' id='word_1_137' title='bbox 850 2163 974 2225; x_wconf 81' lang='lat' dir='ltr'><strong>tradidit</strong></span> <span class='ocrx_word' id='word_1_138' title='bbox 991 2165 1098 2227; x_wconf 84' lang='lat' dir='ltr'><strong>Paulus</strong></span> <span class='ocrx_word' id='word_1_139' title='bbox 1121 2165 1160 2227; x_wconf 88' lang='lat' dir='ltr'><strong>de</strong></span> <span class='ocrx_word' id='word_1_140' title='bbox 1180 2169 1282 2229; x_wconf 82' lang='lat' dir='ltr'><strong>Castro</strong></span> <span class='ocrx_word' id='word_1_141' title='bbox 1303 2167 1336 2230; x_wconf 80' lang='lat' dir='ltr'><strong>io</strong></span> 
     </span>
     <span class='ocr_line' id='line_1_18' title="bbox 258 2245 846 2331; baseline -0.003 -23"><span class='ocrx_word' id='word_1_142' title='bbox 258 2248 296 2308; x_wconf 84' lang='lat' dir='ltr'><strong>L.</strong></span> <span class='ocrx_word' id='word_1_143' title='bbox 313 2247 371 2330; x_wconf 73' lang='lat'><strong>2§.</strong></span> <span class='ocrx_word' id='word_1_144' title='bbox 388 2247 446 2310; x_wconf 78' lang='lat' dir='ltr'><strong>ult.</strong></span> <span class='ocrx_word' id='word_1_145' title='bbox 489 2247 593 2310; x_wconf 78' lang='lat' dir='ltr'><strong>‚dero</strong></span> <span class='ocrx_word' id='word_1_146' title='bbox 604 2246 685 2331; x_wconf 79' lang='lat' dir='ltr'><strong>quod</strong></span> <span class='ocrx_word' id='word_1_147' title='bbox 698 2256 769 2309; x_wconf 85' lang='lat' dir='ltr'><strong>cert.</strong></span> <span class='ocrx_word' id='word_1_148' title='bbox 788 2245 846 2308; x_wconf 80' lang='lat' dir='ltr'><strong>loe.</strong></span> 
     </span>
    </p>

    <p class='ocr_par' dir='ltr' id='par_1_5' title="bbox 299 2325 1334 2414">
     <span class='ocr_line' id='line_1_19' title="bbox 299 2325 1334 2414; baseline -0.002 -22"><span class='ocrx_word' id='word_1_149' title='bbox 299 2328 342 2410; x_wconf 76' lang='lat'><strong>(3)</strong></span> <span class='ocrx_word' id='word_1_150' title='bbox 363 2332 399 2390; x_wconf 88' lang='lat' dir='ltr'><strong>L.</strong></span> <span class='ocrx_word' id='word_1_151' title='bbox 416 2333 435 2391; x_wconf 75' lang='lat' dir='ltr'><strong>t</strong></span> <span class='ocrx_word' id='word_1_152' title='bbox 475 2375 483 2392; x_wconf 89' lang='lat'><strong>.</strong></span> <span class='ocrx_word' id='word_1_153' title='bbox 497 2329 532 2392; x_wconf 86' lang='lat' dir='ltr'><strong>de</strong></span> <span class='ocrx_word' id='word_1_154' title='bbox 546 2327 673 2414; x_wconf 80' lang='lat' dir='ltr'><strong>eoquod</strong></span> <span class='ocrx_word' id='word_1_155' title='bbox 692 2336 770 2391; x_wconf 87' lang='lat' dir='ltr'><strong>certo</strong></span> <span class='ocrx_word' id='word_1_156' title='bbox 783 2325 839 2391; x_wconf 81' lang='lat' dir='ltr'><strong>loa.</strong></span> <span class='ocrx_word' id='word_1_157' title='bbox 851 2326 879 2410; x_wconf 72' lang='lat' dir='ltr'><strong>S.</strong></span> <span class='ocrx_word' id='word_1_158' title='bbox 896 2329 913 2388; x_wconf 87' lang='grc'><strong>7</strong></span> <span class='ocrx_word' id='word_1_159' title='bbox 928 2335 956 2388; x_wconf 90' lang='lat' dir='ltr'><strong>et</strong></span> <span class='ocrx_word' id='word_1_160' title='bbox 969 2325 1025 2388; x_wconf 84' lang='lat' dir='ltr'><strong>ult.</strong></span> <span class='ocrx_word' id='word_1_161' title='bbox 1042 2330 1121 2390; x_wconf 80' lang='lat' dir='ltr'><strong>luat.</strong></span> <span class='ocrx_word' id='word_1_162' title='bbox 1143 2326 1179 2390; x_wconf 85' lang='lat' dir='ltr'><strong>da</strong></span> <span class='ocrx_word' id='word_1_163' title='bbox 1191 2347 1221 2390; x_wconf 88' lang='lat' dir='ltr'><strong>v.</strong></span> <span class='ocrx_word' id='word_1_164' title='bbox 1245 2327 1334 2414; x_wconf 76' lang='lat' dir='ltr'><strong>obliq.</strong></span> 
     </span>
    </p>
   </div>
   <div class='ocr_carea' id='block_1_4' title="bbox 256 2556 1337 2922">
    <p class='ocr_par' dir='ltr' id='par_1_6' title="bbox 256 2556 1337 2922">
     <span class='ocr_line' id='line_1_20' title="bbox 307 2556 1336 2656; baseline 0.011 -32"><span class='ocrx_word' id='word_1_165' title='bbox 307 2556 339 2656; x_wconf 85' lang='lat'><strong>§.</strong></span> <span class='ocrx_word' id='word_1_166' title='bbox 368 2559 461 2632; x_wconf 83' lang='lat' dir='ltr'><strong>Vlll.</strong></span> <span class='ocrx_word' id='word_1_167' title='bbox 489 2558 613 2631; x_wconf 84' lang='lat' dir='ltr'><strong>Eadem</strong></span> <span class='ocrx_word' id='word_1_168' title='bbox 645 2561 769 2655; x_wconf 89' lang='lat' dir='ltr'><strong>aooepti</strong></span> <span class='ocrx_word' id='word_1_169' title='bbox 799 2557 913 2630; x_wconf 90' lang='lat' dir='ltr'><strong>damni</strong></span> <span class='ocrx_word' id='word_1_170' title='bbox 947 2583 1041 2630; x_wconf 87' lang='lat' dir='ltr'><strong>causa</strong></span> <span class='ocrx_word' id='word_1_171' title='bbox 1074 2573 1134 2630; x_wconf 89' lang='lat' dir='ltr'><strong>est.</strong></span> <span class='ocrx_word' id='word_1_172' title='bbox 1169 2558 1336 2634; x_wconf 82' lang='lat' dir='ltr'><strong>Nimirum</strong></span> 
     </span>
     <span class='ocr_line' id='line_1_21' title="bbox 256 2656 1335 2754; baseline 0.004 -29"><span class='ocrx_word' id='word_1_173' title='bbox 256 2658 284 2726; x_wconf 90' lang='lat' dir='ltr'><strong>si</strong></span> <span class='ocrx_word' id='word_1_174' title='bbox 314 2659 405 2752; x_wconf 88' lang='lat' dir='ltr'><strong>quis,</strong></span> <span class='ocrx_word' id='word_1_175' title='bbox 438 2658 481 2730; x_wconf 89' lang='lat' dir='ltr'><strong>ob</strong></span> <span class='ocrx_word' id='word_1_176' title='bbox 506 2657 616 2730; x_wconf 87' lang='lat' dir='ltr'><strong>datam</strong></span> <span class='ocrx_word' id='word_1_177' title='bbox 646 2657 739 2728; x_wconf 85' lang='lat' dir='ltr'><strong>alteri</strong></span> <span class='ocrx_word' id='word_1_178' title='bbox 780 2659 971 2753; x_wconf 85' lang='lat' dir='ltr'><strong>pecuniam,</strong></span> <span class='ocrx_word' id='word_1_179' title='bbox 1012 2656 1172 2728; x_wconf 88' lang='lat' dir='ltr'><strong>damnum</strong></span> <span class='ocrx_word' id='word_1_180' title='bbox 1214 2675 1335 2754; x_wconf 89' lang='lat' dir='ltr'><strong>pertu-</strong></span> 
     </span>
     <span class='ocr_line' id='line_1_22' title="bbox 256 2753 1337 2922; baseline 0.006 -99"><span class='ocrx_word' id='word_1_181' title='bbox 256 2753 317 2845; x_wconf 88' lang='lat' dir='ltr'><strong>lit,</strong></span> <span class='ocrx_word' id='word_1_182' title='bbox 348 2753 412 2827; x_wconf 86' lang='lat' dir='ltr'><strong>hoe</strong></span> <span class='ocrx_word' id='word_1_183' title='bbox 446 2756 580 2853; x_wconf 89' lang='lat' dir='ltr'><strong>quidem</strong></span> <span class='ocrx_word' id='word_1_184' title='bbox 617 2757 771 2827; x_wconf 82' lang='lat' dir='ltr'><strong>resarcire</strong></span> <span class='ocrx_word' id='word_1_185' title='bbox 802 2769 954 2852; x_wconf 84' lang='lat' dir='ltr'><strong>oportet,</strong></span> <span class='ocrx_word' id='word_1_186' title='bbox 998 2771 1097 2922; x_wconf 66' lang='lat' dir='ltr'><strong>atgue</strong></span> <span class='ocrx_word' id='word_1_187' title='bbox 1134 2757 1204 2854; x_wconf 86' lang='lat' dir='ltr'><strong>ejus</strong></span> <span class='ocrx_word' id='word_1_188' title='bbox 1242 2781 1337 2829; x_wconf 85' lang='lat' dir='ltr'><strong>eausa</strong></span> 
     </span>
    </p>
   </div>
   <div class='ocr_carea' id='block_1_5' title="bbox 257 2850 1339 3439">
    <p class='ocr_par' dir='ltr' id='par_1_7' title="bbox 257 2850 1339 3439">
     <span class='ocr_line' id='line_1_23' title="bbox 257 2850 1336 2950; baseline 0.003 -28"><span class='ocrx_word' id='word_1_189' title='bbox 257 2868 347 2923; x_wconf 86' lang='lat' dir='ltr'><strong>recte</strong></span> <span class='ocrx_word' id='word_1_190' title='bbox 376 2854 570 2926; x_wconf 86' lang='lat' dir='ltr'><strong>a.debitore</strong></span> <span class='ocrx_word' id='word_1_191' title='bbox 600 2853 726 2924; x_wconf 70' lang='lat' dir='ltr'><strong>stactus</strong></span> <span class='ocrx_word' id='word_1_192' title='bbox 760 2855 1000 2950; x_wconf 82' lang='lat' dir='ltr'><strong>percipiuntur.</strong></span> <span class='ocrx_word' id='word_1_193' title='bbox 1053 2869 1085 2923; x_wconf 88' lang='lat' dir='ltr'><strong>ta</strong></span> <span class='ocrx_word' id='word_1_194' title='bbox 1117 2856 1174 2947; x_wconf 91' lang='lat' dir='ltr'><strong>qui</strong></span> <span class='ocrx_word' id='word_1_195' title='bbox 1218 2850 1336 2926; x_wconf 87' lang='lat' dir='ltr'><strong>domus</strong></span> 
     </span>
     <span class='ocr_line' id='line_1_24' title="bbox 258 2948 1336 3048; baseline 0.005 -30"><span class='ocrx_word' id='word_1_196' title='bbox 258 2952 388 3020; x_wconf 92' lang='lat' dir='ltr'><strong>ruinam</strong></span> <span class='ocrx_word' id='word_1_197' title='bbox 422 2969 584 3041; x_wconf 83' lang='lat' dir='ltr'><strong>avertere,</strong></span> <span class='ocrx_word' id='word_1_198' title='bbox 628 2954 685 3048; x_wconf 86' lang='lat' dir='ltr'><strong>qui</strong></span> <span class='ocrx_word' id='word_1_199' title='bbox 722 2975 837 3045; x_wconf 84' lang='lat' dir='ltr'><strong>agrum</strong></span> <span class='ocrx_word' id='word_1_200' title='bbox 874 2949 981 3019; x_wconf 84' lang='lat' dir='ltr'><strong>colere</strong></span> <span class='ocrx_word' id='word_1_201' title='bbox 1014 2965 1047 3019; x_wconf 93' lang='lat' dir='ltr'><strong>et</strong></span> <span class='ocrx_word' id='word_1_202' title='bbox 1082 2948 1210 3020; x_wconf 86' lang='lat' dir='ltr'><strong>cultura</strong></span> <span class='ocrx_word' id='word_1_203' title='bbox 1242 2951 1336 3023; x_wconf 83' lang='lat' dir='ltr'><strong>frue-</strong></span> 
     </span>
     <span class='ocr_line' id='line_1_25' title="bbox 259 3048 1334 3145; baseline 0.002 -29"><span class='ocrx_word' id='word_1_204' title='bbox 259 3061 390 3118; x_wconf 84' lang='lat' dir='ltr'><strong>tnosum</strong></span> <span class='ocrx_word' id='word_1_205' title='bbox 431 3050 536 3121; x_wconf 81' lang='lat' dir='ltr'><strong>faeere</strong></span> <span class='ocrx_word' id='word_1_206' title='bbox 575 3074 642 3120; x_wconf 91' lang='lat' dir='ltr'><strong>non</strong></span> <span class='ocrx_word' id='word_1_207' title='bbox 674 3051 803 3145; x_wconf 85' lang='lat' dir='ltr'><strong>potuit,</strong></span> <span class='ocrx_word' id='word_1_208' title='bbox 839 3050 916 3143; x_wconf 86' lang='lat' dir='ltr'><strong>quia</strong></span> <span class='ocrx_word' id='word_1_209' title='bbox 952 3048 1055 3116; x_wconf 86' lang='lat' dir='ltr'><strong>caruit</strong></span> <span class='ocrx_word' id='word_1_210' title='bbox 1083 3048 1222 3142; x_wconf 88' lang='lat' dir='ltr'><strong>pecunia</strong></span> <span class='ocrx_word' id='word_1_211' title='bbox 1253 3072 1334 3137; x_wconf 88' lang='lat' dir='ltr'><strong>sua,</strong></span> 
     </span>
     <span class='ocr_line' id='line_1_26' title="bbox 258 3140 1339 3240; baseline 0 -26"><span class='ocrx_word' id='word_1_212' title='bbox 258 3147 318 3240; x_wconf 89' lang='lat' dir='ltr'><strong>qui</strong></span> <span class='ocrx_word' id='word_1_213' title='bbox 361 3172 405 3218; x_wconf 77' lang='lat' dir='ltr'><strong>tes</strong></span> <span class='ocrx_word' id='word_1_214' title='bbox 441 3148 583 3219; x_wconf 86' lang='lat' dir='ltr'><strong>alienum</strong></span> <span class='ocrx_word' id='word_1_215' title='bbox 624 3172 700 3218; x_wconf 86' lang='lat' dir='ltr'><strong>eum</strong></span> <span class='ocrx_word' id='word_1_216' title='bbox 736 3146 861 3217; x_wconf 84' lang='lat' dir='ltr'><strong>soenore</strong></span> <span class='ocrx_word' id='word_1_217' title='bbox 892 3142 1084 3214; x_wconf 78' lang='lat' dir='ltr'><strong>contrahere</strong></span> <span class='ocrx_word' id='word_1_218' title='bbox 1126 3140 1258 3232; x_wconf 82' lang='lat' dir='ltr'><strong>debuit,</strong></span> <span class='ocrx_word' id='word_1_219' title='bbox 1299 3160 1339 3214; x_wconf 89' lang='lat' dir='ltr'><strong>ut</strong></span> 
     </span>
     <span class='ocr_line' id='line_1_27' title="bbox 259 3237 1336 3341; baseline -0.001 -29"><span class='ocrx_word' id='word_1_220' title='bbox 259 3247 330 3314; x_wconf 81' lang='lat' dir='ltr'><strong>suis</strong></span> <span class='ocrx_word' id='word_1_221' title='bbox 355 3244 570 3317; x_wconf 86' lang='lat' dir='ltr'><strong>oreditoribus</strong></span> <span class='ocrx_word' id='word_1_222' title='bbox 610 3244 825 3332; x_wconf 76' lang='lat' dir='ltr'><strong>satisfaceret,</strong></span> <span class='ocrx_word' id='word_1_223' title='bbox 869 3243 947 3341; x_wconf 86' lang='lat' dir='ltr'><strong>jure</strong></span> <span class='ocrx_word' id='word_1_224' title='bbox 985 3243 1071 3335; x_wconf 87' lang='lat' dir='ltr'><strong>agit,</strong></span> <span class='ocrx_word' id='word_1_225' title='bbox 1113 3255 1151 3311; x_wconf 89' lang='lat' dir='ltr'><strong>ut</strong></span> <span class='ocrx_word' id='word_1_226' title='bbox 1193 3237 1336 3331; x_wconf 80' lang='lat' dir='ltr'><strong>debitor,</strong></span> 
     </span>
     <span class='ocr_line' id='line_1_28' title="bbox 260 3337 1163 3439; baseline -0.003 -28"><span class='ocrx_word' id='word_1_227' title='bbox 260 3343 319 3439; x_wconf 85' lang='lat' dir='ltr'><strong>qui</strong></span> <span class='ocrx_word' id='word_1_228' title='bbox 344 3368 471 3415; x_wconf 83' lang='lat' dir='ltr'><strong>eausam</strong></span> <span class='ocrx_word' id='word_1_229' title='bbox 495 3342 608 3414; x_wconf 88' lang='lat' dir='ltr'><strong>damni</strong></span> <span class='ocrx_word' id='word_1_230' title='bbox 631 3340 745 3430; x_wconf 87' lang='lat' dir='ltr'><strong>dedit,</strong></span> <span class='ocrx_word' id='word_1_231' title='bbox 774 3340 889 3411; x_wconf 87' lang='lat' dir='ltr'><strong>damni</strong></span> <span class='ocrx_word' id='word_1_232' title='bbox 923 3354 1072 3410; x_wconf 89' lang='lat' dir='ltr'><strong>teneatur</strong></span> <span class='ocrx_word' id='word_1_233' title='bbox 1096 3337 1163 3435; x_wconf 88' lang='grc'>(1).</span> 
     </span>
    </p>
   </div>
   <div class='ocr_carea' id='block_1_6' title="bbox 257 3586 1342 4243">
    <p class='ocr_par' dir='ltr' id='par_1_8' title="bbox 257 3586 1342 4243">
     <span class='ocr_line' id='line_1_29' title="bbox 302 3586 1338 3673; baseline -0.001 -21"><span class='ocrx_word' id='word_1_234' title='bbox 302 3592 345 3673; x_wconf 82' lang='grc' dir='ltr'><strong>(Ι)</strong></span> <span class='ocrx_word' id='word_1_235' title='bbox 365 3592 402 3652; x_wconf 80' lang='lat' dir='ltr'><strong>L.</strong></span> <span class='ocrx_word' id='word_1_236' title='bbox 417 3610 472 3652; x_wconf 83' lang='lat' dir='ltr'><strong>on.</strong></span> <span class='ocrx_word' id='word_1_237' title='bbox 498 3587 563 3652; x_wconf 88' lang='lat' dir='ltr'><strong>eod.</strong></span> <span class='ocrx_word' id='word_1_238' title='bbox 587 3588 624 3651; x_wconf 90' lang='lat' dir='ltr'><strong>de</strong></span> <span class='ocrx_word' id='word_1_239' title='bbox 646 3596 771 3651; x_wconf 80' lang='lat' dir='ltr'><strong>sentent.</strong></span> <span class='ocrx_word' id='word_1_240' title='bbox 788 3608 856 3673; x_wconf 76' lang='lat' dir='ltr'><strong>quse</strong></span> <span class='ocrx_word' id='word_1_241' title='bbox 866 3606 924 3672; x_wconf 84' lang='lat' dir='ltr'><strong>pro</strong></span> <span class='ocrx_word' id='word_1_242' title='bbox 938 3606 970 3650; x_wconf 88' lang='lat' dir='ltr'><strong>eo</strong></span> <span class='ocrx_word' id='word_1_243' title='bbox 986 3586 1067 3673; x_wconf 80' lang='lat' dir='ltr'><strong>quod</strong></span> <span class='ocrx_word' id='word_1_244' title='bbox 1092 3587 1225 3651; x_wconf 82' lang='lat' dir='ltr'><strong>interest.</strong></span> <span class='ocrx_word' id='word_1_245' title='bbox 1250 3592 1338 3653; x_wconf 83' lang='lat' dir='ltr'><strong>Reete</strong></span> 
     </span>
     <span class='ocr_line' id='line_1_30' title="bbox 259 3670 1337 3753; baseline -0.001 -17"><span class='ocrx_word' id='word_1_246' title='bbox 259 3686 376 3752; x_wconf 89' lang='lat' dir='ltr'><strong>tamen,</strong></span> <span class='ocrx_word' id='word_1_247' title='bbox 399 3681 507 3753; x_wconf 83' lang='lat' dir='ltr'><strong>praeter</strong></span> <span class='ocrx_word' id='word_1_248' title='bbox 524 3681 651 3747; x_wconf 87' lang='lat' dir='ltr'><strong>eeteros,</strong></span> <span class='ocrx_word' id='word_1_249' title='bbox 671 3671 881 3733; x_wconf 77' lang='lat' dir='ltr'><strong>animadvertit</strong></span> <span class='ocrx_word' id='word_1_250' title='bbox 902 3672 1022 3733; x_wconf 84' lang='lat' dir='ltr'><strong>Carolus</strong></span> <span class='ocrx_word' id='word_1_251' title='bbox 1041 3670 1216 3751; x_wconf 85' lang='lat' dir='ltr'><strong>Gagliardus</strong></span> <span class='ocrx_word' id='word_1_252' title='bbox 1240 3672 1337 3735; x_wconf 81' lang='lat' dir='ltr'><strong>instit.</strong></span> 
     </span>
     <span class='ocr_line' id='line_1_31' title="bbox 260 3750 1340 3835; baseline -0.002 -19"><span class='ocrx_word' id='word_1_253' title='bbox 260 3759 333 3818; x_wconf 78' lang='lat' dir='ltr'><strong>Jur.</strong></span> <span class='ocrx_word' id='word_1_254' title='bbox 361 3773 467 3817; x_wconf 72' lang='lat' dir='ltr'><strong>eam.</strong></span> <span class='ocrx_word' id='word_1_255' title='bbox 492 3750 544 3815; x_wconf 74' lang='lat' dir='ltr'><strong>tit.</strong></span> <span class='ocrx_word' id='word_1_256' title='bbox 572 3758 593 3815; x_wconf 73' lang='lat' dir='ltr'><strong>Is</strong></span> <span class='ocrx_word' id='word_1_257' title='bbox 615 3753 663 3815; x_wconf 87' lang='lat' dir='ltr'><strong>tit.</strong></span> <span class='ocrx_word' id='word_1_258' title='bbox 684 3754 723 3814; x_wconf 80' lang='lat'><strong>17</strong></span> <span class='ocrx_word' id='word_1_259' title='bbox 748 3752 775 3835; x_wconf 63' lang='grc' dir='ltr'><strong>ς.</strong></span> <span class='ocrx_word' id='word_1_260' title='bbox 803 3756 860 3829; x_wconf 80' lang='lat' dir='ltr'><strong>tr,</strong></span> <span class='ocrx_word' id='word_1_261' title='bbox 883 3752 963 3833; x_wconf 90' lang='lat' dir='ltr'><strong>quod</strong></span> <span class='ocrx_word' id='word_1_262' title='bbox 987 3753 1115 3813; x_wconf 83' lang='lat' dir='ltr'><strong>creditor</strong></span> <span class='ocrx_word' id='word_1_263' title='bbox 1139 3771 1197 3814; x_wconf 90' lang='lat' dir='ltr'><strong>non</strong></span> <span class='ocrx_word' id='word_1_264' title='bbox 1223 3762 1340 3814; x_wconf 87' lang='lat' dir='ltr'><strong>tantum</strong></span> 
     </span>
     <span class='ocr_line' id='line_1_32' title="bbox 260 3833 1341 3917; baseline -0.004 -19"><span class='ocrx_word' id='word_1_265' title='bbox 260 3846 412 3917; x_wconf 84' lang='lat' dir='ltr'><strong>aueeptum</strong></span> <span class='ocrx_word' id='word_1_266' title='bbox 425 3836 464 3897; x_wconf 90' lang='lat' dir='ltr'><strong>ab</strong></span> <span class='ocrx_word' id='word_1_267' title='bbox 486 3854 517 3897; x_wconf 90' lang='lat' dir='ltr'><strong>se</strong></span> <span class='ocrx_word' id='word_1_268' title='bbox 533 3834 674 3896; x_wconf 68' lang='lat' dir='ltr'><strong>mannum</strong></span> <span class='ocrx_word' id='word_1_269' title='bbox 697 3836 884 3916; x_wconf 79' lang='lat' dir='ltr'><strong>perspicuum</strong></span> <span class='ocrx_word' id='word_1_270' title='bbox 904 3835 1015 3911; x_wconf 79' lang='lat' dir='ltr'><strong>faeere,</strong></span> <span class='ocrx_word' id='word_1_271' title='bbox 1035 3833 1087 3894; x_wconf 88' lang='lat' dir='ltr'><strong>sed</strong></span> <span class='ocrx_word' id='word_1_272' title='bbox 1108 3836 1197 3895; x_wconf 87' lang='lat' dir='ltr'><strong>etiam</strong></span> <span class='ocrx_word' id='word_1_273' title='bbox 1215 3834 1341 3896; x_wconf 89' lang='lat' dir='ltr'><strong>demon·</strong></span> 
     </span>
     <span class='ocr_line' id='line_1_33' title="bbox 260 3916 1337 3992; baseline -0.006 -11"><span class='ocrx_word' id='word_1_274' title='bbox 260 3930 356 3981; x_wconf 88' lang='lat' dir='ltr'><strong>strare</strong></span> <span class='ocrx_word' id='word_1_275' title='bbox 379 3918 483 3991; x_wconf 87' lang='lat' dir='ltr'><strong>debet,</strong></span> <span class='ocrx_word' id='word_1_276' title='bbox 508 3934 571 3977; x_wconf 82' lang='lat' dir='ltr'><strong>sese</strong></span> <span class='ocrx_word' id='word_1_277' title='bbox 591 3916 648 3977; x_wconf 85' lang='lat' dir='ltr'><strong>alio</strong></span> <span class='ocrx_word' id='word_1_278' title='bbox 675 3916 762 3978; x_wconf 92' lang='lat' dir='ltr'><strong>modo</strong></span> <span class='ocrx_word' id='word_1_279' title='bbox 783 3917 925 3979; x_wconf 87' lang='lat' dir='ltr'><strong>damnum</strong></span> <span class='ocrx_word' id='word_1_280' title='bbox 957 3923 1089 3977; x_wconf 88' lang='lat' dir='ltr'><strong>avertere</strong></span> <span class='ocrx_word' id='word_1_281' title='bbox 1114 3932 1173 3975; x_wconf 88' lang='lat' dir='ltr'><strong>non</strong></span> <span class='ocrx_word' id='word_1_282' title='bbox 1199 3916 1337 3992; x_wconf 83' lang='lat' dir='ltr'><strong>potuisse.</strong></span> 
     </span>
     <span class='ocr_line' id='line_1_34' title="bbox 261 3994 1342 4078; baseline -0.006 -17"><span class='ocrx_word' id='word_1_283' title='bbox 261 4005 360 4078; x_wconf 84' lang='lat' dir='ltr'><strong>Quare</strong></span> <span class='ocrx_word' id='word_1_284' title='bbox 380 4001 405 4060; x_wconf 90' lang='lat' dir='ltr'><strong>si</strong></span> <span class='ocrx_word' id='word_1_285' title='bbox 423 3999 533 4078; x_wconf 88' lang='lat' dir='ltr'><strong>ipsein</strong></span> <span class='ocrx_word' id='word_1_286' title='bbox 549 4004 687 4077; x_wconf 88' lang='lat' dir='ltr'><strong>promptu</strong></span> <span class='ocrx_word' id='word_1_287' title='bbox 707 3997 858 4060; x_wconf 84' lang='lat' dir='ltr'><strong>habuisset</strong></span> <span class='ocrx_word' id='word_1_288' title='bbox 880 3998 966 4058; x_wconf 84' lang='lat' dir='ltr'><strong>eliam</strong></span> <span class='ocrx_word' id='word_1_289' title='bbox 988 3997 1159 4077; x_wconf 84' lang='lat' dir='ltr'><strong>pecuniam,</strong></span> <span class='ocrx_word' id='word_1_290' title='bbox 1174 4012 1242 4055; x_wconf 86' lang='lat' dir='ltr'><strong>eum</strong></span> <span class='ocrx_word' id='word_1_291' title='bbox 1263 3994 1342 4055; x_wconf 87' lang='lat' dir='ltr'><strong>dam·</strong></span> 
     </span>
     <span class='ocr_line' id='line_1_35' title="bbox 261 4080 1341 4159; baseline -0.006 -16"><span class='ocrx_word' id='word_1_292' title='bbox 261 4101 335 4143; x_wconf 89' lang='lat' dir='ltr'><strong>num</strong></span> <span class='ocrx_word' id='word_1_293' title='bbox 347 4081 441 4143; x_wconf 82' lang='lat' dir='ltr'><strong>vitare</strong></span> <span class='ocrx_word' id='word_1_294' title='bbox 459 4080 618 4159; x_wconf 84' lang='lat' dir='ltr'><strong>potuisset,</strong></span> <span class='ocrx_word' id='word_1_295' title='bbox 641 4080 761 4141; x_wconf 78' lang='lat' dir='ltr'><strong>uulloea</strong></span> <span class='ocrx_word' id='word_1_296' title='bbox 783 4080 918 4142; x_wconf 87' lang='lat' dir='ltr'><strong>debitore</strong></span> <span class='ocrx_word' id='word_1_297' title='bbox 935 4096 1033 4141; x_wconf 84' lang='lat' dir='ltr'><strong>usurte</strong></span> <span class='ocrx_word' id='word_1_298' title='bbox 1046 4096 1081 4140; x_wconf 87' lang='lat' dir='ltr'><strong>ex</strong></span> <span class='ocrx_word' id='word_1_299' title='bbox 1104 4082 1209 4138; x_wconf 89' lang='lat' dir='ltr'><strong>mutuo</strong></span> <span class='ocrx_word' id='word_1_300' title='bbox 1226 4084 1341 4155; x_wconf 86' lang='lat' dir='ltr'><strong>aeeepta</strong></span> 
     </span>
     <span class='ocr_line' id='line_1_36' title="bbox 257 4160 646 4243; baseline -0.008 -19"><span class='ocrx_word' id='word_1_301' title='bbox 257 4164 387 4243; x_wconf 75' lang='lat' dir='ltr'><strong>pecunia</strong></span> <span class='ocrx_word' id='word_1_302' title='bbox 396 4160 546 4223; x_wconf 71' lang='lat' dir='ltr'><strong>solvendae</strong></span> <span class='ocrx_word' id='word_1_303' title='bbox 562 4169 646 4225; x_wconf 88' lang='lat' dir='ltr'><strong>sunt.</strong></span> 
     </span>
    </p>
   </div>
   <div class='ocr_carea' id='block_1_7' title="bbox 362 4234 1243 4314">
    <p class='ocr_par' dir='ltr' id='par_1_9' title="bbox 362 4234 1243 4314">
     <span class='ocr_line' id='line_1_37' title="bbox 362 4234 1243 4314; baseline -0.007 -1"><span class='ocrx_word' id='word_1_304' title='bbox 362 4268 442 4314; x_wconf 82' lang='lat' dir='ltr'><strong>ror.</strong></span> <span class='ocrx_word' id='word_1_305' title='bbox 472 4265 507 4311; x_wconf 89' lang='lat' dir='ltr'><strong>u.</strong></span> <span class='ocrx_word' id='word_1_306' title='bbox 1184 4234 1243 4307; x_wconf 82' lang='lat'><strong>16.</strong></span> 
     </span>
    </p>
   </div>
   <div class='ocr_carea' id='block_1_8' title="bbox 0 0 1809 5625">
    <p class='ocr_par' dir='ltr' id='par_1_10' title="bbox 0 0 1809 5625">
     <span class='ocr_line' id='line_1_38' title="bbox 0 0 1809 5625; baseline 0 0"><span class='ocrx_word' id='word_1_307' title='bbox 0 0 1809 5625; x_wconf 95' lang='lat' dir='ltr'><strong> </strong></span> 
     </span>
    </p>
   </div>
  </div>
 </body>
</html>
