3575 5625
867 570 1090 640 -tts-

436 715 611 780 Sirmondus
632 712 796 778 Antirrctb.
821 717 928 798 beno.
956 719 1010 792 ii‚·
1032 717 1202 780 Desiderins
1221 717 1364 780 Hersidus
1393 714 1516 780 Obstru.

437 819 473 858 eo
497 843 504 857 .
532 801 571 858 50
592 808 621 858 et
648 795 860 858 Animadvers.
889 797 1116 879 adjecistis.
1146 803 1181 875 2,
1209 801 1243 876 7,
1273 803 1309 876 i,-
1337 799 1456 862 Grotius
1482 800 1517 860 iu

438 883 467 940 F
513 922 521 938 .
548 897 648 960 spara.
672 878 715 939 od
734 877 799 940 eod.
824 879 996 940 Iustiniani.
1018 881 1048 956 7,
1072 883 1128 955 54,-
1146 879 1279 959 Cujacius
1292 879 1405 942 observ.
1427 877 1517 942 titt

435 957 1400 1041 eop.2topp.tom.seot.tttettneoct.d080nten.ec
1483 959 1517 1022 '.

436 1041 561 1103 recitato.
589 1049 661 1101 tom.
683 1043 702 1101 9
726 1038 783 1102 col.
813 1042 873 1102 stt
893 1039 942 1102 ed.
963 1041 1013 1102 eit.
1031 1045 1075 1102 De
1095 1043 1183 1122 bujus
1197 1053 1296 1106 numm
1313 980 1518 1104 vmbffl·

436 1124 648 1202 tei-pretatione
674 1140 815 1202 magnum
838 1130 884 1183 cst
910 1123 1122 1186 sententiarum
1142 1124 1313 1186 divortium.
1333 1125 1418 1186 ttitto
1440 1142 1518 1201 quo-

437 1203 575 1266 rumdam
592 1205 810 1282 explanationes
825 1205 912 1282 piane
928 1203 1067 1265 ridiculas
1080 1213 1110 1266 et
1127 1207 1213 1266 mitto
1230 1209 1312 1282 iilos,
1327 1206 1377 1284 qui
1393 1205 1518 1265 recitare

438 1303 475 1348 ex
488 1283 619 1368 periculo
633 1285 867 1364 interpretantur
884 1285 1008 1346 recitare
1023 1304 1061 1346 ec
1076 1287 1234 1364 mensoria,
1263 1307 1330 1348 cum
1357 1303 1458 1346 revera
1477 1286 1518 1345 sit

437 1369 562 1428 recitare
576 1386 614 1427 cx
629 1368 755 1448 scripto,
770 1367 815 1426 uti
835 1367 957 1427 titulum
977 1367 1062 1426 iilum
1082 1369 1115 1428 in
1135 1379 1260 1446 utroque
1283 1367 1383 1429 codice
1404 1367 1515 1446 legenti

438 1449 524 1509 facile
534 1448 656 1528 patebit.
672 1453 745 1510 Fere
761 1450 839 1508 inter
853 1465 956 1508 omnes
973 1457 1086 1508 constat
1098 1447 1267 1530 menium
1284 1467 1347 1511 eom
1363 1449 1515 1524 libellum,

439 1548 475 1589 ex
488 1548 547 1608 quo
564 1531 709 1590 sententia
723 1532 880 1604 recitatum
895 1529 949 1589 sed
967 1529 1043 1590 maie
1061 1529 1150 1609 hujus
1168 1531 1295 1592 nominis
1313 1549 1428 1591 causam
1446 1529 1518 1590 red·

438 1611 530 1685 dunt,
549 1612 618 1690 quin
634 1612 744 1672 seilicet
757 1631 794 1672 ex
807 1611 952 1672 sententia
968 1629 1084 1685 semoer
1099 1612 1204 1690 aliquis
1221 1613 1383 1692 pericuium
1396 1609 1514 1687 subeat,

439 1701 491 1751 aut
500 1710 584 1769 reus,
598 1701 649 1752 aut
659 1692 767 1772 judex,
779 1693 804 1752 si
819 1692 895 1753 male
908 1692 1066 1770 judicavit,
1083 1711 1150 1772 qun
1163 1695 1253 1754 etiam
1271 1693 1377 1771 cujacii
1394 1700 1518 1752 senten-

440 1773 480 1833 tio
497 1781 553 1834 est.
576 1777 636 1854 Ego
655 1777 797 1835 assentior
814 1774 923 1836 Jacobo
938 1774 1118 1836 Gotboircdo
1130 1775 1163 1836 in
1180 1776 1216 1835 t.
1235 1773 1332 1837 flend.
1356 1769 1464 1834 Tbeod.
1480 1772 1520 1833 dc

439 1855 558 1916 Scntcm
580 1872 618 1915 ec
638 1855 732 1936 peric.
753 1855 880 1916 recitoc.
908 1864 978 1916 tom.
1006 1858 1021 1916 i
1047 1875 1121 1938 paq.
1141 1857 1202 1918 itt
1220 1855 1291 1919 edit.
1315 1854 1424 1937 ttpstc
1442 1854 1517 1928 cit„

437 1932 1137 2099 imii‘iffifflibiid
1148 1934 1517 2098 tumuisti

437 2105 519 2170 tare,
538 2096 663 2174 nequid
677 2115 731 2175 per
744 2115 876 2158 errorem
890 2097 953 2159 fiat.
973 2102 1024 2160 Est
1038 2062 1308 2182 igitudperiesdcm
1324 2099 1446 2174 tabella,
1461 2115 1518 2160 seu

437 2177 570 2251 libellus,
594 2178 702 2255 inquo
720 2179 812 2256 judex
832 2179 935 2240 scribit
955 2181 1036 2258 quod
1056 2182 1155 2259 sentit,
1178 2201 1212 2243 ac
1231 2183 1333 2245 scdulo
1348 2182 1447 2261 legens
1467 2187 1518 2239 at-

438 2277 497 2337 quc
521 2259 565 2318 rei
603 2276 670 2329 eus,
695 2278 762 2337 quc
785 2261 894 2338 scripto
927 2261 1094 2340 mandavit,
1127 2273 1231 2325 cuncta
1261 2263 1412 2336 emendet,
1445 2277 1519 2338 quae

437 2340 582 2400 emendan
604 2347 740 2419 acutat,
768 2349 802 2403 ut
828 2342 860 2402 in
886 2340 967 2403 bisce
992 2345 1146 2424 scripturis
1170 2345 1236 2406 fieri
1264 2347 1352 2421 solet,
1385 2343 1519 2420 denique

440 2421 557 2483 coniicit
579 2423 771 2498 sententiam,
796 2441 884 2500 mmm
908 2426 1033 2485 recitare
1054 2425 1153 2488 debet.
1179 2429 1244 2489 Uno
1272 2427 1363 2488 verbo
1388 2422 1467 2502 quod
1499 2443 1517 2484 n

439 2502 525 2563 nobis
535 2500 671 2572 minuto,
685 2503 715 2564 id
727 2506 758 2564 in
771 2503 927 2567 codicibus
942 2505 1145 2569 Theodosinno
1157 2516 1187 2568 et
1200 2509 1382 2571 tustinimco
1391 2504 1519 2588 pericu-

441 2581 504 2645 lum
515 2584 689 2662 appellatur.

480 2663 523 2742 (2)
543 2665 579 2725 t.
602 2663 696 2726 deod.
709 2664 746 2726 dc
756 2667 875 2728 Senten.
890 2687 928 2730 ec
937 2671 1029 2750 peric.
1044 2669 1172 2730 reciton.

481 2745 524 2823 (3)
546 2747 618 2827 Cup.
632 2745 688 2806 uit.
704 2745 740 2807 de
753 2749 871 2810 Sentcn.
886 2749 1063 2835 ctrejudic.
1077 2751 1110 2813 io
1123 2755 1153 2813 6.

481 2827 523 2908 (i)
544 2829 669 2889 Consule
681 2829 860 2893 Gudeiinum
872 2831 908 2893 de
920 2834 993 2893 Jur.
1006 2833 1102 2895 cocu.
1119 2830 1171 2894 lib.
1187 2834 1284 2914 iccp.
1299 2835 1349 2896 ib.

488 2948 519 3049 ς.
549 2950 640 3022 vltt.
672 2949 773 3034 Quod
805 2955 922 3023 attinet
963 2953 1003 3023 ad
1036 2953 1175 3043 idioma,
1211 2980 1278 3050 quo
1317 2955 1516 3025 sententiam

439 3050 609 3144 concipere
646 3063 796 3145 oportet,
840 3049 875 3118 id
904 3052 982 3149 jure
1015 3051 1164 3122 Romano
1204 3066 1333 3123 tantum
1370 3049 1517 3121 latinum

439 3162 527 3235 erat,
567 3147 658 3243 quod
694 3149 730 3217 in
768 3145 911 3219 serendis
946 3150 1114 3221 sententiis
1155 3164 1254 3245 atquc
1291 3152 1326 3219 in
1371 3148 1515 3246 publicis

438 3244 563 3315 actibus
601 3243 817 3314 adhibebatur
858 3246 925 3341 (i).
971 3245 1070 3331 Quod
1108 3246 1243 3342 quidem
1271 3248 1328 3343 jus
1373 3270 1441 3316 non
1477 3248 1516 3315 in

439 3340 521 3408 urbe
548 3340 675 3428 solum,
713 3338 768 3410 sed
808 3344 906 3411 etiam
945 3346 979 3413 in
1013 3345 1206 3437 provinciis,
1242 3340 1319 3413 licet
1356 3342 1419 3413 alio
1447 3366 1518 3412 ser-

439 3459 538 3506 mone
562 3452 711 3507 utcretur
744 3435 912 3529 populus,
948 3440 1125 3511 obtinuisse
1165 3440 1293 3512 videtur
1335 3439 1402 3536 (ᾖ)
1444 3436 1518 3509 Sed

438 3531 568 3602 Arcadii
599 3547 634 3602 ct
672 3532 808 3603 Honorii
837 3530 911 3629 lege
944 3540 1102 3607 sancitum
1136 3554 1205 3627 est,
1237 3552 1274 3607 nt
1307 3538 1518 3631 magistratus

439 3630 679 3724 provinciarum
713 3646 781 3698 tam
812 3627 932 3723 latina,
968 3660 1069 3729 quam
1093 3659 1198 3729 graecn
1231 3633 1343 3729 lingua
1375 3648 1516 3703 senten-

437 3728 497 3795 tias
527 3725 673 3821 proferre
703 3728 828 3820 possint
852 3730 919 3825 (3).
960 3730 1099 3802 Ecclesia
1129 3756 1258 3829 semper
1298 3758 1354 3801 usa
1381 3729 1518 3801 videtur

439 3846 563 3918 graeco,
603 3839 661 3892 aut
691 3821 794 3894 latino
831 3850 1002 3915 sermone,
1043 3828 1174 3924 qualem
1215 3826 1365 3901 videlicet
1397 3850 1440 3923 po
1464 3827 1518 3897 uli

438 3946 515 3991 usus
561 3918 767 4016 postulnbnt3
800 3924 882 4016 quin
920 3926 1017 3994 etiam
1057 3943 1267 4022 posteaquam
1303 3950 1410 3997 sermo
1441 3852 1520 3993 iati-

438 4041 500 4089 nus
532 4018 697 4115 populeris
728 4042 796 4089 esse
826 4018 942 4108 desiit,
977 4047 1053 4093 eum
1091 4026 1126 4093 in
1163 4022 1308 4093 dicendis
1344 4023 1520 4093 sententiis

438 4113 646 4189 occidentalis
683 4114 814 4189 ccclesia
854 4120 1003 4191 retinuit.
1049 4120 1147 4193 Nunc
1178 4124 1275 4192 etiam
1313 4121 1419 4193 iorum
1454 4144 1520 4193 sae-
