3575 5625
762 712 812 728 —
837 669 961 742 379-

354 823 398 903 (7)
419 821 545 883 consuta
559 837 626 898 qaae
642 819 721 880 dieta
739 825 808 879 sunt
826 813 876 878 lib.
900 820 917 878 5
937 818 983 878 tit.
1008 823 1019 878 7
1041 817 1066 900 5.
1088 821 1122 882 77
1144 830 1206 884 not.
1227 825 1240 884 7
1262 830 1292 883 et
1306 820 1394 886 dut

310 905 363 966 tit.
381 909 394 966 7
414 903 441 984 S.
464 906 505 964 to
518 910 581 963 nat.
600 904 632 962 7.
653 900 739 977 Apud
757 903 951 961 sozomenum
970 895 1040 960 bist.
1058 899 1158 964 erebo.
1179 901 1230 966 bb.
1251 907 1355 988 ieop.
1376 910 1394 969 5

303 1006 344 1069 p.
369 989 408 1048 77
425 983 472 1046 ed.
496 982 628 1044 Tauriru
647 982 727 1044 7777
746 989 950 1042 memorantur
968 979 1102 1060 vinculo,
1122 985 1230 1062 quibua
1252 990 1283 1050 S.
1303 989 1396 1050 itua-

306 1069 413 1130 naaius
426 1066 626 1146 ischyrionem
644 1063 851 1142 presbyterum
870 1064 1032 1125 detinuisse
1046 1064 1207 1128 serebatur.
1224 1068 1345 1131 Siricius
1358 1071 1392 1132 Ρ.

308 1152 390 1232 epi
413 1165 439 1208 a.
456 1150 492 1224 6,
511 1145 590 1225 apud
604 1145 807 1208 coustantium
824 1142 878 1206 coi.
902 1145 978 1222 679,
1000 1146 1158 1210 monachos
1182 1155 1212 1208 et
1235 1151 1394 1226 moniales,

310 1225 1222 1390 uumutrerouututuutiuut
1234 1229 1395 1375 ‘ortu

315 1401 390 1454 tam·
412 1331 508 1454 iloni.
526 1393 586 1453 tot
601 1398 744 1470 perpetua
768 1390 857 1450 etiam
880 1387 1085 1454 dominativum
1103 1389 1255 1474 erymuto
1270 1395 1393 1456 retineri

313 1475 380 1538 ruit
392 1474 611 1553 presbytorum,
624 1474 675 1552 qui
687 1489 805 1533 oausam
818 1471 971 1551 sanguinis
982 1474 1147 1554 agitaverit.

359 1553 404 1635 (7)
432 1559 635 1618 uPoteetatam
649 1553 775 1626 habetis,
786 1553 884 1632 inquit
899 1557 1020 1616 carosus
1033 1553 1194 1618 monaobus
1205 1564 1264 1618 aot.
1278 1558 1298 1618 7
1314 1575 1395 1622 eone.

314 1633 531 1699 Chalcedonos.
556 1635 635 1714 apud
652 1634 801 1697 labbeum
820 1640 891 1696 tom.
913 1637 933 1695 7
956 1633 1011 1697 eoi.
1037 1637 1127 1713 7777,
1156 1637 1284 1716 episeopi
1305 1641 1392 1706 estis:

312 1719 403 1779 ruitis
434 1717 467 1779 in
495 1717 617 1780 exilium
641 1717 776 1788 mittere,
806 1717 896 1777 ruitis
925 1715 1086 1778 damnare?
1120 1718 1273 1798 Quidquid
1306 1721 1396 1784 ruitis

315 1800 443 1880 surripio
456 1818 472 1859 a
484 1799 578 1861 robis.
595 1823 609 1853 a
627 1799 706 1861 Vide
719 1795 771 1860 bb.
784 1801 804 1859 7
816 1796 862 1858 tit.
876 1801 891 1859 i
909 1795 936 1880 §.
955 1801 995 1860 70
1006 1807 1068 1860 not.
1085 1803 1114 1860 7.

353 1882 397 1962 (5)
417 1885 453 1942 in
467 1882 593 1942 oamitiia
607 1879 789 1944 Tridentinis
806 1897 874 1940 urm
888 1879 970 1959 regis
984 1880 1118 1942 ratboiiei
1141 1887 1272 1942 oratores
1286 1899 1394 1960 queae-

313 1973 435 2038 rantur,
454 1964 540 2024 sirmi
554 1981 591 2024 ex
605 1963 677 2023 natis
693 1962 809 2024 eonsilii
824 1963 856 2022 iu
870 1980 937 2022 aros
953 1965 984 2024 S.
999 1963 1105 2057 Anqeli
1119 1963 1242 2025 servatis
1260 1973 1394 2028 onustare

314 2053 440 2106 testetur
466 2049 620 2125 Faqnanua
652 2043 686 2105 io
713 2061 781 2126 cop.
808 2043 889 2104 iicet
916 2041 952 2104 da
979 2063 1074 2124 poenra
1101 2063 1186 2106 num.
1217 2040 1288 2121 ult,
1313 2047 1393 2126 quod

315 2127 441 2204 apiaoopi
460 2127 551 2186 nimia
564 2125 703 2222 iaqiiitate
717 2126 749 2220 in
769 2125 859 2266 laieqq
871 2142 1008 2186 oensuras
1025 2127 1154 2222 serrant,
1175 2124 1245 2187 huio
1263 2125 1308 2222 rei
1322 2146 1394 2226 eon:

313 2207 360 2350 ff
361 2216 564 2350 ‘effluxum
565 2227 610 2350 ¹:1⁰:
612 2207 1008 2367 ffi'fflwffiffl
1025 2208 1394 2368 blltialsuginoffmogfflffi

312 2368 1004 2527 iitffi‘mdiii“⁸dii{i“i⁰3did
1019 2389 1090 2512 ³²5⁸·
1108 2373 1151 2512 0⁹⁵
1166 2373 1273 2514 ⁶5¹²?
1286 2370 1391 2514 d‘is‘

313 2534 361 2594 rei
383 2499 542 2612 personalis
564 2471 746 2612 ianquffibet
771 2495 855 2611 peria
878 2471 1131 2614 judiciiocpqquh
1140 2471 1338 2596 equcqroqqurg
1351 2473 1394 2596 1ξῆ

314 2614 387 2692 ipsis
405 2614 469 2676 iieri
486 2617 606 2696 poterit,
624 2615 791 2678 abstineant
809 2631 874 2676 aaa
897 2617 1038 2693 tonsuris,
1066 2634 1118 2678 asu
1143 2614 1321 2692 interditum·
1340 2617 1394 2679 sed

313 2696 401 2758 iieeat
417 2697 459 2757 eis
476 2706 576 2758 eontra
595 2715 795 2777 quoecumque
811 2695 900 2758 etiam
920 2697 1008 2758 iaieos
1031 2715 1085 2778 per
1112 2697 1236 2758 mulotes
1253 2703 1393 2776 pecunia-

312 2779 373 2839 rias
396 2822 403 2837 .
429 2823 437 2839 .
463 2824 470 2839 .
497 2824 506 2838 .
529 2797 581 2841 seu
602 2798 657 2859 per
679 2779 843 2858 raptionem
866 2777 1038 2918 piquorum,
1063 2797 1314 2857 personarumque
1337 2780 1395 2843 dis·

314 2860 483 2921 trictionem
498 2879 633 2939 persnas
649 2862 798 2939 proprios,
816 2868 868 2920 aut
889 2860 999 2921 uienos
1025 2868 1193 2921 executores
1211 2860 1392 2939 faciendam,

312 2942 376 3002 sire
389 2942 478 3002 etiam
494 2960 548 3020 par
561 2943 755 3021 privationem
772 2940 1000 3015 beneficiorum,
1027 2940 1141 3017 aliaque
1163 2941 1239 3018 juris
1263 2943 1393 3003 remedia

312 3023 474 3102 proaedere
494 3032 525 3083 et
543 3042 643 3085 musas
666 3023 802 3085 definire.
819 3021 906 3099 Quod
928 3023 952 3081 si
979 3022 1111 3082 executio
1132 3022 1230 3091 realis,
1255 3022 1301 3082 rei
1330 3042 1395 3103 per·

312 3104 421 3165 sonaiis
437 3104 577 3165 adversus
596 3123 661 3165 reos
682 3105 737 3165 bae
753 3104 868 3164 ratione
885 3101 951 3163 fleri
971 3120 1029 3162 non
1052 3102 1177 3180 poterit,
1201 3103 1298 3179 sitque
1323 3122 1394 3185 erga

310 3186 442 3263 judieem
463 3188 657 3262 mammonin,
679 3194 750 3247 tuna
772 3203 822 3245 eoa
843 3186 931 3245 etiam
960 3182 1153 3245 anathematis
1180 3200 1322 3244 mucrone
1342 3205 1392 3246 ar-

314 3266 406 3327 bitrio
424 3286 493 3341 suo,
514 3276 623 3346 proter
641 3267 712 3329 aiios
734 3284 851 3345 poenas,
870 3266 961 3326 ferire
980 3265 1099 3344 poterit.
1120 3290 1134 3319 a
1159 3268 1199 3327 Ex
1220 3282 1279 3342 quo
1297 3268 1394 3329 meni-

315 3348 424 3409 festum
440 3358 500 3425 est,
515 3348 719 3410 'tridentinam
737 3347 884 3427 synodum
905 3349 1056 3427 agnovisse
1076 3354 1106 3407 et
1129 3345 1317 3408 confirmasse
1340 3368 1395 3429 po-

314 3436 475 3571 ξωὲςῑεωᾰ
495 3449 583 3509 quam
611 3429 722 3493 babent
743 3428 860 3507 judiees
882 3428 1081 3504 ecelesiastici,
1106 3427 1271 3509 corporales
1294 3448 1394 3509 poenas

318 3528 351 3570 ru
376 3530 442 3592 agen
466 3532 487 3571 a.

368 3594 399 3671 4)
422 3595 494 3675 Cap.
513 3594 551 3653 75
562 3590 599 3653 de
609 3588 687 3675 offic.
701 3590 814 3669 ordia,
827 3611 895 3674 cop.
910 3595 928 3653 5
943 3590 978 3652 de
989 3592 1095 3673 ponis.

370 3675 399 3755 t)
420 3674 528 3736 conim
541 3675 672 3736 Glosaam
690 3672 724 3733 in
739 3692 806 3755 cop.
828 3676 846 3735 5
868 3672 904 3735 de
917 3674 1024 3754 poenis,
1047 3672 1148 3753 ibique
1167 3672 1254 3735 etiarn
1281 3676 1394 3755 Fagna-

316 3773 389 3815 num
413 3773 499 3815 nom.
515 3758 543 3831 5,
560 3764 589 3814 et
603 3755 812 3817 Corarruriam
824 3774 891 3815 vor.
908 3752 997 3817 reaoi.
1012 3752 1063 3815 tu.
1078 3756 1177 3837 drop.
1191 3757 1209 3815 9
1221 3774 1307 3817 oum.
1322 3762 1352 3817 s.

356 3836 398 3917 (o)
420 3840 508 3899 Cone.
524 3837 659 3899 Trident.
675 3854 747 3899 aera.
762 3838 802 3897 25
818 3856 886 3918 cop.
905 3839 917 3897 i
937 3844 964 3897 ot
976 3854 1048 3899 sess.
1066 3838 1106 3898 ut
1123 3855 1189 3918 cop.
1206 3838 1224 3897 5
1239 3834 1275 3897 de
1293 3834 1350 3916 res.

363 4022 395 4122 ς.
431 4022 494 4096 lv.
522 4024 696 4097 Graviores
723 4042 802 4098 aunt
833 4050 941 4123 poenae
971 4024 1172 4121 spirituales,
1206 4046 1280 4117 quas
1308 4048 1390 4119 pro·

314 4124 386 4217 prie
418 4146 564 4192 oensurae
597 4123 752 4194 dicuntur
785 4138 821 4194 et
858 4148 999 4219 quarum
1028 4121 1147 4217 triplex
1187 4133 1235 4189 est
1272 4144 1390 4213 genus,

314 4222 624 4309 excommunicatio,
688 4221 876 4317 suspensio,
938 4217 1162 4289 interdictum.
1227 4214 1391 4289 Omnibus
