3575 5625
958 730 1106 801 -Qill
1132 774 1182 797 2-

562 882 610 1028 ¹Sl)
632 885 664 945 l..
681 882 721 943 57
741 879 767 961 §.
786 878 933 941 Julianus
947 876 983 939 de
1004 888 1109 961 recept.
1127 880 1182 961 qui
1200 878 1309 941 arbitr.
1335 900 1455 962 recep„
1486 885 1517 943 L.
1542 882 1593 943 ult.

527 986 560 1063 ro
582 1010 592 1061 .·
623 961 679 1025 uti
695 970 724 1023 et
745 958 829 1055 opud
847 980 936 1044 quern
955 979 1088 1044 coenose.
1113 961 1206 1023 restit.
1229 962 1262 1023 in
1288 962 1413 1045 lettera
1433 982 1500 1043 cap.
1524 968 1541 1026 9
1563 963 1594 1024 dr

527 1050 968 1210 ⁸n(iiinliibieii'tdolianusff.
986 1122 1022 1185 de
1036 1133 1145 1207 recept.
1160 1125 1216 1207 qui
1228 1119 1335 1187 arbitr.
1349 1144 1443 1206 recep.

567 1213 611 1291 (5)
636 1210 708 1289 Cup.
720 1204 835 1289 penult.
850 1204 886 1267 de
899 1206 932 1266 iu
942 1206 1051 1287 intepr.
1068 1206 1279 1267 restitverum
1293 1208 1439 1287 sponsalia
1451 1203 1593 1287 defuturo

526 1290 1048 1452 iibriiiiiiieiiffiiiiit
1064 1289 1238 1453 timebis
1252 1306 1290 1432 i
1303 1298 1439 1433 stt.
1464 1307 1593 1349 ⁰⁰⁰⁵⁰¹¹⁵⁰

577 1528 608 1629 §.
637 1524 733 1597 thl.
763 1525 888 1597 Arbitri
923 1527 1149 1624 pronuntiatio
1183 1528 1344 1595 sententia
1377 1528 1508 1622 proprie
1536 1552 1594 1597 nou

528 1645 596 1717 est,
638 1622 695 1695 sed
739 1652 756 1693 a
787 1622 1026 1723 jurisconsultis
1068 1622 1240 1693 arbitrium
1275 1622 1350 1719 (l),
1404 1628 1497 1693 assim
1531 1650 1594 1695 vero

528 1727 591 1799 sori
624 1750 683 1794 usu
710 1721 847 1793 laudum
875 1737 1006 1793 vocatur
1033 1720 1100 1817 (ἓ).
1127 1720 1179 1791 ΑΙ)
1210 1746 1250 1791 eo
1277 1745 1345 1790 non
1370 1650 1469 1791 datur
1490 1720 1595 1817 appel·

527 1824 628 1913 latio,
662 1823 817 1919 quoniam
855 1818 1034 1890 absurdum
1075 1835 1159 1891 esset
1200 1816 1355 1889 diuturna
1398 1818 1457 1889 lite
1496 1844 1595 1889 rexere

528 1948 602 2011 eos,
631 1922 688 2015 qui
719 1916 764 1989 ad
788 1914 930 1987 'arbitros
956 1919 1106 2006 iverunt,
1139 1932 1178 1987 ut
1210 1941 1243 1986 se
1275 1942 1295 1985 a
1328 1914 1436 1986 litium
1463 1916 1595 2009 ambagi-

526 2019 589 2089 bus
621 2032 655 2087 et
690 2016 843 2110 impensis
877 2013 1078 2102 liberarent,
1115 2039 1251 2109 arguere
1285 2039 1362 2084 vero
1397 2016 1595 2110 semetipsum

529 2113 630 2186 debet
652 2116 710 2209 qui
740 2112 987 2208 compromisit,
1013 2113 1039 2180 si
1069 2115 1178 2181 minus
1203 2136 1335 2208 aequum
1365 2110 1512 2207 judicem
1534 2110 1594 2181 ele·

528 2216 577 2307 git
603 2210 670 2307 (5).
702 2209 827 2279 Verum
853 2224 890 2277 ut
918 2210 1089 2279 sententiae
1111 2210 1153 2279 ab
1177 2208 1301 2280 arbitro
1327 2208 1467 2305 proiatae
1493 2210 1594 2303 iniqui-

529 2327 577 2379 tas
610 2324 709 2403 atque
747 2331 838 2377 error
872 2304 1086 2393 emendetur,
1120 2309 1238 2403 passim
1268 2310 1303 2377 in
1339 2307 1411 2377 loro
1440 2322 1593 2377 reectum

530 2423 598 2493 est,
630 2422 668 2474 ut
705 2403 759 2473 illa
796 2403 837 2471 ad
876 2402 1046 2473 arbitrium
1080 2402 1157 2474 boni
1192 2406 1251 2473 riri
1284 2404 1463 2499 redigatur.
1499 2333 1593 2486 (inam

529 2505 768 2575 reductionem
796 2504 881 2570 intra
914 2498 1028 2571 decem
1055 2500 1123 2570 dies
1150 2502 1313 2597 postulat,
1342 2505 1400 2598 qui
1427 2527 1518 2571 causa
1543 2500 1594 2568 de-

528 2600 626 2689 cidit,
670 2615 768 2695 atquc
808 2601 851 2667 ita
892 2600 960 2666 vim
992 2615 1027 2669 ct
1063 2623 1195 2668 cursum
1233 2603 1402 2669 sententiae
1442 2596 1594 2695 suspendit

530 2700 597 2795 (4).
626 2695 780 2791 Magnam
824 2710 935 2766 autem
972 2694 1043 2766 hec
1073 2698 1231 2769 redemtio
1267 2722 1343 2767 cum
1390 2696 1594 2793 appellatione

528 2795 724 2868 affinitatem
758 2792 879 2882 habet,
906 2819 944 2864 ac
971 2819 1032 2890 per
1071 2820 1143 2864 cam
1178 2797 1309 2888 negotia
1349 2794 1480 2865 arbitris
1514 2808 1594 2864 antra
1655 2805 1657 2817 ²

528 2896 695 2966 commissa
731 2890 769 2961 ad
804 2890 1005 2962 ordinarium
1026 2891 1175 2988 judicem
1201 2891 1407 2963 deseruntur.

571 3053 612 3134 (l)
635 3057 667 3115 L.
685 3051 751 3136 eff.
768 3051 828 3129 Qui
839 3049 948 3113 sotied.
961 3069 1025 3132 cop.
1652 3118 1653 3135 χ

570 3139 613 3216 (tt
636 3135 770 3196 interiori
795 3133 951 3194 latinitatis
970 3151 1033 3193 aevo
1045 3131 1187 3214 judicare
1209 3133 1321 3194 dictum
1345 3142 1389 3194 est
1414 3131 1546 3197 laudare.
1566 3139 1592 3196 tu

529 3217 582 3279 lib.
601 3214 1079 3298 tdeseudiaeopAEOscriptum
1095 3214 1384 3276 estalaudotuma
1434 3217 1594 3293 estiatur
1651 3216 1652 3243 ¹

531 3297 766 3378 cstjudt'cututn.
783 3298 909 3360 Consule
924 3301 1141 3357 llotomannum
1157 3293 1193 3356 de
1210 3295 1288 3357 verb.
1306 3296 1408 3359 Feutlo
1426 3344 1434 3358 .
1456 3299 1593 3361 Turnebus

530 3378 634 3440 udoer.
652 3377 701 3439 lib.
720 3381 759 3440 ll
770 3398 835 3459 cup.
854 3381 909 3452 tu,
928 3378 1119 3438 vehementer
1129 3377 1265 3458 objurgat
1277 3379 1516 3458 jurisconsultos,
1527 3377 1591 3456 quod

533 3458 659 3518 barbaro
673 3456 762 3518 laudi
775 3458 915 3519 vocabulo
929 3467 1067 3533 utantur,
1083 3477 1149 3518 cum
1168 3461 1271 3520 arbitri
1288 3462 1434 3521 sententia
1453 3459 1592 3522 arbitrium

529 3540 620 3600 latine
637 3539 762 3599 dicatur.
780 3543 892 3602 Verum
915 3539 971 3601 hoc
991 3541 1113 3618 quidem
1137 3549 1197 3616 est,
1214 3541 1293 3619 quod
1315 3543 1473 3620 Turnebus
1487 3543 1551 3602 dicit
1563 3540 1593 3598 dr

530 3619 666 3680 barbarie
682 3621 813 3681 vocabuli
829 3617 933 3695 loradi5
948 3622 1001 3681 sed
1015 3622 1208 3702 elegantiores
1225 3621 1347 3684 arbitrii
1359 3626 1454 3686 verbo
1466 3627 1508 3685 usi
1521 3629 1592 3692 sunt,

530 3711 559 3762 et
570 3701 609 3760 ita
622 3719 691 3762 sane
708 3701 840 3778 loquitur
852 3703 936 3778 Cujus
952 3702 1003 3762 cit.
1020 3705 1052 3762 l..
1071 3703 1106 3785 ff.
1125 3702 1302 3780 Qniaottisd.
1319 3723 1382 3786 cop.

572 3781 614 3862 (5)
637 3786 668 3843 L.
686 3781 763 3863 52§.
780 3781 913 3862 Sturiff.
931 3781 968 3841 de
982 3792 1089 3863 recept.
1148 3785 1161 3845 a·
1173 3783 1279 3845 arbitr.
1434 3838 1438 3842 .

570 3863 613 3944 (l)
636 3865 742 3926 Confer
758 3867 882 3926 Voetum
897 3863 929 3921 itt
945 3861 1090 3925 Portdeet.
1120 3865 1158 3926 ib.
1177 3869 1197 3926 l
1212 3865 1256 3927 tit.
1274 3869 1292 3926 8
1307 3886 1391 3928 uum.
1408 3871 1449 3929 95
1466 3877 1494 3928 et
1505 3886 1559 3948 sep·

578 3992 608 4092 §.
650 3991 745 4062 xlv,
785 3989 940 4062 Ceterum
986 4017 1063 4063 cum
1113 3995 1227 4065 arbitri
1270 3996 1444 4067 voluntarii
1485 3993 1592 4066 nullam

528 4091 669 4162 babeant
722 4087 1007 4187 jurisdictionem,
1058 4117 1174 4163 corum
1230 4092 1402 4165 arbitrium
1454 4095 1518 4164 rim
1567 4100 1594 4156 tl

529 4192 651 4260 exitum
687 4212 754 4260 non
803 4186 921 4276 habet,
968 4190 1029 4257 nisi
1062 4207 1180 4284 praesto
1214 4193 1256 4260 sit
1295 4193 1468 4261 auctoritas
1497 4187 1594 4277 magis

531 4302 651 4378 tratus¹
701 4312 756 4356 scu
799 4285 921 4355 Judicis
958 4285 1131 4371 ordinarii,
1182 4290 1275 4384 cujus
1319 4290 1457 4384 imperio
1495 4281 1594 4356 arbitri
