3575 5625
670 649 893 720 -587-

238 801 354 872 hebet.
397 797 462 868 Atii
484 799 572 867 enim
602 823 621 867 a
649 797 716 869 sola
744 797 955 870 Eucharistiae
1004 802 1250 896 articipatione,
1289 817 1322 871 et

240 899 298 968 alii
329 898 427 968 etiam
460 923 479 964 a
509 894 660 967 fidelium
695 895 845 992 precibus
878 826 1135 967 exolutiebantur
1170 923 1206 968 ac
1243 913 1321 968 tan-

242 1012 317 1066 tum
350 1020 425 1065 cum
459 992 701 1063 catechumenis
734 1017 846 1088 preces
876 993 1015 1064 fundere
1053 993 1216 1065 debebant
1250 995 1317 1092 (⁶2).

242 1094 372 1164 Horum
394 1107 512 1162 neuter
545 1091 715 1160 arcebatur
744 1091 786 1159 ab
814 1091 969 1178 ecclesia,
999 1117 1073 1189 quae
1103 1096 1228 1186 gravior
1253 1109 1322 1162 erat

243 1192 365 1287 majori
386 1189 713 1260 excommunicationi
731 1187 827 1258 affixa
850 1214 961 1285 poena.

285 1360 329 1441 (ll
350 1359 503 1422 llortalom
532 1365 563 1418 et
590 1357 795 1418 medicinalem
829 1359 1160 1419 excommunicationem
1189 1357 1320 1437 apposito

246 1442 404 1522 distinguit
420 1439 602 1520 Augustinus
616 1457 706 1501 certo.
726 1441 781 1500 tm
809 1435 844 1499 de
859 1440 963 1522 penit.
980 1459 1048 1523 opp.
1070 1447 1139 1500 tom.
1162 1441 1180 1500 tt
1199 1447 1283 1522 port.
1304 1441 1324 1500 A

245 1543 333 1586 aum.
349 1525 389 1583 10
402 1518 457 1583 col.
473 1524 551 1582 1559
565 1518 637 1581 edit.
654 1521 703 1582 cit.
716 1521 763 1582 bis
773 1521 891 1582 verbis:
915 1547 928 1575 ιι
940 1523 998 1582 Nos
1009 1540 1079 1582 vero
1090 1541 1106 1581 a
1118 1521 1324 1582 communione

246 1603 407 1686 probibere
421 1621 599 1682 quemquam
611 1621 670 1662 non
683 1621 838 1683 possumus
848 1600 993 1683 (quamvis
1002 1602 1064 1663 haec
1078 1603 1239 1681 probibitio
1254 1620 1324 1663 uon·

248 1687 321 1748 dum
341 1686 380 1747 sit
406 1684 552 1759 mortalis,
565 1683 624 1744 sed·
638 1684 847 1764 medicinalis),
869 1684 925 1744 nisi
946 1691 997 1743 aut
1016 1691 1119 1763 sponte
1140 1685 1320 1762 consessum,

247 1777 301 1829 aut
322 1769 355 1828 in
375 1767 473 1846 aliquo
498 1766 559 1826 sive
583 1766 730 1840 seculari,
755 1765 818 1826 sive
837 1765 1029 1827 eeclesiastico
1052 1765 1165 1844 judicio
1189 1766 1324 1826 nomina·

248 1858 314 1910 tum
342 1855 430 1925 atque
465 1848 682 1908 convictum...
718 1845 888 1924 cujusmodi
925 1846 1057 1928 regulam
1091 1847 1179 1906 etiam
1215 1847 1322 1908 Paulus

248 1930 397 2012 apostolus
416 1932 447 1990 in
471 1929 574 1989 eadem
594 1927 632 1988 ad
657 1928 825 1991 Corinthios
846 1928 970 2007 epistola
995 1929 1156 1988 insinuasse
1181 1928 1274 1988 intelli
1297 1928 1322 1988 i-

248 2021 316 2088 tur,
340 2029 407 2071 cum
430 2010 605 2088 quibusdam
629 2010 737 2072 talibus
760 2009 995 2070 commemoratis
1018 2010 1207 2085 criminibus,
1232 1947 1324 2070 eccie-

249 2092 373 2154 siasticis
389 2092 493 2171 judieii
518 2093 643 2153 sormam
665 2093 704 2153 ad
727 2091 826 2152 omnia
847 2091 954 2151 similia
976 2109 1012 2151 ex
1028 2091 1205 2170 quibusdam
1227 2091 1321 2153 daret.

250 2175 304 2237 Ait
320 2177 418 2237 euim:
441 2173 550 2252 Scripsi
573 2173 656 2233 vobis
677 2175 710 2234 in
732 2173 853 2252 epistola
874 2189 934 2234 non
954 2173 1134 2233 commisceri
1159 2173 1323 2234 fornicariis
1401 2252 1405 2258 ν

250 2265 310 2318 ete.
330 2257 442 2332 Quibus
462 2254 560 2316 verbis
583 2255 652 2315 satis
672 2254 816 2331 ostendit,
844 2272 902 2314 non
928 2262 1040 2315 temore
1066 2261 1116 2314 aut
1140 2253 1324 2332 quomodoli-

250 2338 319 2416 bet,
340 2339 392 2399 sed
408 2355 461 2417 per
481 2335 628 2416 judicium
648 2336 823 2398 auferendos
844 2354 907 2396 esse
929 2335 1020 2398 malos
1038 2335 1076 2396 ab
1099 2333 1226 2396 ecelesiae
1243 2355 1325 2396 corn-

249 2421 409 2496 munione;
432 2426 466 2478 ut
490 2419 515 2480 si
535 2436 589 2496 per
609 2418 755 2497 judicium
780 2417 890 2478 aulerci
916 2436 975 2478 nou
999 2425 1136 2496 possunt,
1160 2417 1325 2478 tolerentur

248 2503 366 2582 potius,
390 2519 428 2562 ne
454 2517 591 2579 perverse
616 2501 708 2560 malos
732 2499 857 2578 quisque
884 2499 1037 2575 evitando,
1064 2497 1101 2559 ab
1127 2497 1245 2559 ecclesia
1264 2499 1327 2578 ipse

251 2583 423 2660 discedens,
438 2600 501 2657 eos,
516 2600 589 2661 quoe
603 2581 706 2662 ingere
718 2580 851 2652 videtur,
867 2581 977 2642 vinciat
990 2579 1028 2640 ad
1043 2580 1218 2660 gehennam.
1236 2606 1249 2632 ιι
1269 2583 1326 2642 Lo-

250 2683 308 2725 cus
321 2665 371 2724 hic
384 2665 538 2744 Augustini
556 2663 615 2724 duo
628 2666 660 2724 iu
673 2663 778 2741 primis
790 2662 920 2723 ostendit
943 2661 1110 2736 evidentem
1125 2662 1251 2721 alterum
1265 2668 1325 2736 est,

251 2745 337 2797 quud
358 2753 512 2780 unwanum
530 2745 629 2783 mrum
651 2744 775 2785 traheret
796 2743 935 2802 malonia,
958 2743 1081 2792 altarum
1107 2751 1222 2802 arsiam,
1249 2741 1329 2811 quod

251 2801 354 2861 minor
366 2803 625 2864 excommunicatio
647 2824 707 2867 non
721 2806 816 2867 solum
838 2809 870 2869 in
887 2809 951 2871 iuro
975 2811 1155 2889 peanitentiae
1169 2814 1221 2874 sed
1240 2816 1329 2877 etiarn

252 2883 289 2942 in
303 2883 366 2943 loro
379 2891 500 2945 externo
525 2884 721 2966 infligeretur.
743 2892 817 2951 Nam
832 2890 928 2969 inquit
946 2894 1142 2971 Augustinus,
1171 2904 1235 2953 tum
1248 2915 1329 2958 mor·

252 2960 358 3042 tutem,
385 2974 449 3025 tum
463 2963 671 3028 medicinalem
693 2971 1023 3031 excommunicationem
1049 2991 1107 3032 non
1123 2993 1184 3034 osse
1198 2976 1331 3054 irrogan-

253 3046 342 3141 dam,
361 3047 418 3141 nisi
438 3045 577 3142 adversus
596 3059 698 3143 moute
714 3050 900 3135 consessum,
917 3059 950 3113 at
969 3052 1002 3113 in
1023 3050 1125 3136 aliquo
1148 3054 1209 3115 siue
1236 3074 1331 3118 etecu-

253 3125 332 3202 turr‚
367 3146 430 3190 moe
454 3126 643 3193 ecclesiastico
663 3131 784 3215 judicio
821 3134 1012 3195 eminatam
1039 3145 1128 3217 atque
1152 3135 1327 3198 convictum.

253 3210 494 3288 Quotusquisque
513 3212 550 3272 ad
572 3214 671 3273 lorum
697 3215 877 3293 poenitentiar
902 3215 1087 3277 referendam
1107 3224 1190 3359 putet
1212 3235 1329 3294 poenaur

253 3288 398 3352 inflictam
429 3290 569 3353 adversus
593 3312 678 3370 eum,
707 3297 758 3375 qui
782 3294 937 3374 seculari,
974 3297 1034 3359 aive
1062 3317 1106 3361 ecc
1119 3298 1252 3361 esiostico
1273 3300 1331 3383 ju-

253 3369 334 3433 dicio
354 3372 526 3435 nominatus
545 3382 633 3470 utque
662 3376 812 3438 conuictus
835 3378 895 3440 sit?
919 3382 1041 3459 Magnus
1068 3390 1112 3441 est
1136 3382 1223 3441 otiam
1247 3399 1331 3443 error

252 3454 391 3532 illorum,
414 3456 465 3533 qui
484 3456 687 3517 medicinalem
706 3460 1036 3521 excommunicationem
1051 3482 1116 3523 curn
1137 3463 1253 3541 publica
1268 3483 1331 3544 poe-

253 3534 381 3597 nitentia
403 3536 603 3614 conlundunt,
633 3541 716 3617 quasi
737 3540 853 3602 nullum
878 3543 957 3603 inter
985 3562 1071 3605 unam
1099 3552 1186 3623 atque
1210 3546 1332 3607 alteram

255 3616 416 3677 discrimen
438 3619 611 3680 intercedat.
627 3622 730 3681 Omnis
744 3621 865 3700 quidem
880 3624 995 3702 publica
1012 3626 1181 3704 poenitentia
1196 3636 1259 3687 erat
1269 3648 1332 3690 me-

255 3697 392 3759 dieinalis
416 3701 692 3778 excommunicatio,
721 3704 860 3781 quoniam
880 3706 1013 3785 'utraque
1040 3708 1071 3766 in
1104 3726 1197 3786 poenaa
1224 3728 1333 3790 genere
1399 3762 1404 3773 .

254 3778 463 3857 conveniebam
490 3782 542 3842 sed
568 3800 627 3841 non
654 3784 751 3843 omnis
775 3786 957 3847 medicinalis
981 3791 1242 3850 excommunicatio
1268 3800 1331 3851 erat

254 3861 373 3939 publica
404 3862 592 3941 plaudentia,
624 3872 675 3923 aut
698 3882 763 3947 eam
789 3870 950 3928 necessario
972 3888 1070 3930 secum
1099 3871 1221 3931 serebat.
1249 3874 1332 3931 Patet

253 3942 292 4003 id
305 3961 341 4003 ex
356 3943 478 4005 coneilio
492 3944 671 4006 altbertum
689 3964 757 4006 con.
775 3950 828 4025 tt,
845 3952 927 4028 cujus
946 3950 1010 4011 haec
1023 3952 1110 4011 verba
1126 3960 1214 4012 sunt:
1238 3974 1250 4003 a
1267 3952 1332 4011 Vir·

254 4024 359 4105 gines,
374 4044 441 4103 quae
457 4026 656 4107 virginitatem
674 4046 756 4088 suam
776 4049 835 4090 non
847 4032 1055 4109 custodierint,
1078 4033 1101 4092 si
1122 4031 1255 4104 cosdem,
1279 4032 1331 4109 qui

254 4122 307 4166 ess
328 4107 515 4179 violaverint,
545 4108 685 4169 duxerint
707 4117 736 4169 et
760 4113 926 4189 tenuerint,
952 4114 1092 4191 eoquod
1117 4111 1191 4173 solas
1216 4112 1333 4187 nuptias

254 4186 449 4267 violaverint,
465 4196 530 4268 post
544 4207 654 4250 annum
670 4192 734 4252 sine
746 4193 919 4271 poenitentia
937 4194 1118 4255 reconciliari
1136 4191 1295 4254 debebunt.
1313 4220 1325 4249 a
