3575 5625
694 662 889 733 ...51-

246 841 359 913 neque
402 816 589 911 importuna
633 810 790 883 brevitate
830 810 978 885 officeret
1020 814 1168 900 veritati,
1217 838 1240 883 n
1306 838 1326 884 c

246 917 342 1013 copia
380 911 555 1009 multiplici
590 924 625 981 et
654 934 789 1005 operosa
819 909 1061 981 solemnitatum
1091 936 1130 982 ac
1165 838 1326 983 formem-

248 1038 324 1084 rum
352 1011 515 1107 litigantes
543 1008 698 1079 irretiret.
741 1004 850 1093 Quam
884 1006 955 1078 haeo
984 1004 1160 1080 methodus
1184 1024 1259 1106 apta
1289 1024 1325 1081 et

248 1112 410 1183 concinna
428 1112 488 1198 sit,
517 1120 551 1178 et
598 1120 737 1177 uantum
758 1108 788 1177 ei
815 1121 969 1204 praestet,
994 1130 1068 1203 quae
1091 1106 1211 1177 adure
1236 1106 1324 1177 cirili

248 1207 419 1306 procedit,
441 1230 555 1278 omnes
574 1132 668 1275 defle
687 1203 938 1293 intellexerunt,
964 1202 1103 1301 ideoque
1123 1204 1179 1275 illa
1194 1228 1322 1277 tammo

249 1309 400 1378 omnium
421 1328 577 1377 conaemu
595 1303 693 1375 etiam
714 1304 750 1373 in
772 1302 844 1375 foro
860 1300 946 1373 civili
966 1301 1090 1400 ubique
1109 1318 1239 1401 recepta
1259 1317 1320 1375 eat.

495 1836 538 2041 3⁹
561 1839 889 2065 patruino
918 1910 1012 2001 aa·

504 2118 512 2137 ⁹
531 2220 539 2239 .
558 2124 601 2195 ue·
613 2127 719 2196 iudiciis
739 2141 764 2197 et
783 2150 865 2197 eamn
888 2132 1020 2197 divisione.

250 2477 272 2527 Ι.
288 2469 413 2526 iudicium
429 2469 506 2539 quid?
519 2470 599 2523 Judex
611 2471 752 2523 ordinarius
829 2474 859 2524 V.
870 2472 996 2525 iudicium
1007 2471 1198 2525 eoetaintum
1214 2482 1239 2524 et
1248 2488 1322 2525 tocu-

248 2606 283 2658 tt.
295 2536 409 2667 Odisddle
419 2546 516 2671 eagtautdm
532 2600 641 2669 judicem
661 2602 750 2655 eonati·
828 2604 868 2656 vt.
887 2540 1011 2682 leffium
1031 2604 1204 2672 pooeoeeorium
1220 2614 1245 2655 et
1261 2604 1322 2672 peti·

249 2736 295 2789 ttt.
307 2679 393 2787 didi}
413 2735 482 2787 notio
503 2742 528 2785 et
549 2734 653 2786 mixtum
674 2735 751 2803 inape·
828 2734 881 2786 vn.
894 2680 1264 2787 (indiminutummarium.

316 2801 392 2852 rium.
827 2802 892 2854 vut.
904 2802 966 2854 atta
972 2802 1121 2870 judiciorum
1129 2801 1258 2855 divitiam

249 2869 294 2921 tv.
305 2866 448 2920 iurisdictio
462 2867 612 2920 contentione
627 2877 652 2919 et
663 2867 749 2920 roluu-
830 2869 871 2918 lx.
884 2868 962 2920 Civile
971 2879 997 2920 et
1008 2869 1143 2920 criminale.

317 2933 390 2985 uria.
830 2935 860 2986 X.
873 2934 1026 2987 indiderunt
1036 2933 1106 2986 ordo.

744 3073 776 3174 t.
805 3075 833 3148 1.

300 3247 449 3322 doorcmu
482 3274 635 3321 vocamus
666 3252 769 3346 ipsam
803 3274 908 3322 causae
934 3249 1220 3347 disceptationem,
1251 3273 1324 3344 quae

249 3351 288 3418 in
311 3349 387 3446 jure
415 3347 475 3436 fit,
508 3372 647 3445 quaeque
674 3364 820 3420 constare
849 3347 949 3420 debet
976 3363 1116 3445 quatuor
1142 3349 1322 3444 prasertim

248 3444 371 3536 rebus⁷
408 3461 533 3536 actore,
574 3471 648 3536 reo,
682 3445 795 3542 judice
830 3463 864 3518 et
904 3472 997 3518 causa
1027 3446 1093 3544 (1).
1132 3448 1231 3516 Actor
1267 3445 1323 3517 ille

248 3559 321 3634 est,
365 3546 422 3641 qui
454 3545 543 3640 prior
578 3546 614 3615 in
652 3544 815 3641 judicium
851 3548 941 3616 venit
981 3543 1105 3642 aliquid
1142 3547 1321 3642 petiturum

251 3667 349 3732 reus,
378 3643 435 3739 qui
458 3641 500 3712 ab
525 3656 632 3713 actore
656 3645 768 3742 injus
800 3633 953 3734 vocaturi,
981 3660 1016 3714 et
1042 3669 1060 3714 a
1085 3669 1151 3740 quo
1179 3643 1321 3740 petitur3

249 3765 345 3812 causa
370 3756 420 3811 est
441 3742 549 3836 ipsum
569 3739 658 3836 quod
680 3745 823 3838 petitur,
859 3757 893 3814 et
921 3741 1011 3839 quod
1039 3743 1207 3813 materiam
1227 3738 1323 3837 judi·

249 3840 302 3910 cio
332 3838 480 3935 praebet3
505 3836 608 3936 judex
640 3856 748 3911 autem
786 3839 841 3910 ille
872 3856 940 3929 eat,
974 3863 1176 3936 coramque
1208 3837 1323 3934 dispu-

249 3953 378 4026 tamus,
411 3953 445 4008 et
472 3938 565 4035 cujus
597 3935 727 4010 decreto
760 3963 811 4009 rea
838 3937 1033 4009 absolvenda
1062 3963 1099 4008 ac
1134 3933 1322 4006 definienda

250 4048 310 4104 est.
362 4035 426 4105 Hic
471 4037 497 4105 si
541 4036 618 4133 jure
667 4038 715 4106 sui
771 4037 975 4132 magistratus
1024 4033 1321 4132 cognoscendarum

247 4130 536 4229 finiendarumque
578 4135 869 4206 controversiarum
930 4133 1048 4206 habeat
1106 4145 1320 4230 potestatem,

242 4228 351 4329 judex
378 4229 576 4322 ordinarius,
615 4234 641 4302 si
681 4257 748 4306 nou
782 4234 949 4330 propriam
985 4258 1023 4304 ac
1061 4257 1153 4304 auam
1185 4225 1321 4316 habeat,
