3575 5625
894 610 1115 680 ..eeg-

464 757 598 855 injustas
630 783 696 828 esse
726 783 876 830 censuras
913 761 948 828 in
978 784 1055 829 eum
1086 759 1185 846 latas,
1223 757 1263 826 ab
1295 758 1426 830 ecclesie
1460 785 1537 830 een·

463 877 547 924 surae
577 859 655 952 ipsae
688 857 960 945 removebantur,
993 872 1032 926 ut
1063 857 1216 928 omnibus
1244 872 1429 946 constaret,
1463 881 1536 927 eum

463 953 498 1020 in
552 952 707 1024 catholica
756 958 989 1026 communione
1037 952 1219 1024 decessisse.
1266 953 1413 1025 Debetur
1461 955 1535 1025 olim

463 1046 533 1122 brec
561 1050 720 1123 absolutio
754 1051 838 1124 lacto
884 1055 974 1148 ipso,
1017 1055 1093 1149 quie
1130 1051 1277 1122 defuncti
1322 1077 1445 1123 nomen
1489 1051 1536 1121 rel

461 1150 557 1218 sacris
595 1147 758 1249 diptychis
795 1150 1045 1239 restituebatur,
1082 1148 1133 1219 vel
1168 1150 1238 1246 ejus
1274 1153 1409 1220 nomine
1449 1149 1537 1220 fectae

462 1243 640 1318 oblationes
678 1249 719 1316 eb
758 1247 889 1318 ecclesia
933 1246 1200 1346 accipiebantur,
1250 1263 1350 1343 atque
1388 1250 1435 1328 iu
1473 1251 1537 1342 ipse

462 1341 627 1414 catholicae
667 1348 890 1417 communioni
926 1349 1094 1416 restitutus
1141 1343 1322 1414 habebatur
1359 1345 1427 1439 (l).
1474 1343 1536 1415 Sed

462 1465 551 1512 nunc
587 1443 633 1530 ii,
654 1446 728 1539 „qui
758 1446 935 1514 morientes
956 1445 1100 1514 censuris
1133 1441 1214 1513 solvi
1257 1466 1325 1512 non
1358 1457 1536 1538 potueruut

460 1553 560 1635 etque
582 1537 623 1608 eb
656 1541 786 1611 ecclesia
816 1566 855 1613 eo
889 1541 1050 1613 beneficio
1079 1539 1171 1633 digni
1201 1538 1418 1635 judicantur,
1452 1557 1535 1610 certa

459 1661 593 1731 precum
622 1663 658 1711 ac
693 1638 867 1710 verborum
892 1638 1031 1710 formula
1056 1637 1267 1708 absolvuntur
1294 1636 1361 1733 (2).

500 1810 542 1893 (1)
564 1815 606 1872 ita
627 1807 829 1872 Theodoretus
847 1809 916 1872 bist.
944 1809 997 1872 lib.
1019 1813 1117 1891 boop.
1141 1810 1181 1870 54
1203 1827 1275 1890 pap.
1301 1809 1362 1868 955
1384 1805 1431 1867 ed.
1461 1809 1536 1868 cee-

459 1891 565 1976 tobriq.
584 1900 698 1968 narret,
722 1891 923 1954 Alexandrum
940 1891 1157 1954 Antiochenum
1175 1891 1264 1951 sacris
1282 1889 1430 1970 diptychis
1451 1889 1535 1949 resti-

458 1976 549 2036 tuisse
568 1977 599 2035 S.
614 1975 734 2036 Jounnia
754 1974 956 2054 chrysostomi
974 1991 1097 2043 nomen,
1116 1972 1243 2051 quodie
1258 1971 1316 2030 illis
1330 1973 1431 2048 plures
1445 1987 1534 2031 annm

457 2057 598 2116 omissum
622 2057 728 2116 lueret.
752 2060 827 2118 Sunt
851 2065 880 2117 et
898 2057 955 2116 elia
978 2055 1169 2115 absolutionis
1193 2053 1361 2113 acensuris
1385 2062 1452 2130 post
1474 2053 1535 2112 obi·

457 2147 522 2198 tum
534 2154 675 2198 concesse
690 2137 822 2216 exempla
841 2138 921 2217 apud
935 2137 1138 2199 Mebiilonium
1152 2131 1259 2194 cnoel.
1282 2131 1392 2196 Bened.
1421 2132 1473 2196 lib.
1498 2136 1535 2195 ts

457 2238 542 2280 reum.
559 2221 598 2280 55
616 2227 643 2279 et
664 2215 715 2278 bb.
739 2221 774 2282 ot
797 2237 883 2280 eum.
905 2221 960 2294 41,
981 2220 1022 2280 ts
1045 2221 1152 2278 torreb
1174 2235 1246 2297 pop.
1269 2217 1345 2292 tue,
1374 2218 1450 2293 tes,
1478 2217 1533 2276 tit

456 2299 502 2360 ed.
529 2302 619 2361 Lucae
643 2302 737 2376 1759,
759 2301 887 2378 locisque
905 2301 982 2360 aliis.
1001 2302 1102 2376 Neque
1122 2307 1238 2359 tentum
1251 2297 1443 2358 absolutionis
1459 2315 1534 2356 mor·

456 2381 515 2442 tuis
528 2399 685 2454 concesse,
702 2381 856 2442 sedetiam
878 2380 1187 2442 excommunicationis
1208 2378 1239 2437 in
1256 2388 1389 2439 mortuos
1402 2379 1490 2452 latae,
1503 2379 1531 2438 iu

457 2461 655 2522 ecclesiasticis
674 2462 804 2522 historiis
829 2463 961 2539 exempla
981 2470 1061 2521 sunt.
1085 2465 1128 2523 ita
1145 2460 1308 2540 cyprianus
1333 2460 1420 2555 epist.
1453 2465 1466 2521 1
1494 2457 1533 2520 od

457 2541 552 2604 cleric.
583 2541 744 2603 Forsitan.
770 2561 844 2624 pop.
877 2545 936 2605 tte
970 2541 1042 2604 edit.
1073 2539 1233 2604 Aerstelod.
1263 2541 1443 2602 oblatronem
1470 2540 1530 2600 lieri

458 2643 615 2704 precesque
637 2623 668 2682 in
692 2624 811 2684 ecclesia
835 2625 920 2685 tundi
947 2625 1042 2685 vetuit
1062 2643 1116 2703 pro
1139 2622 1274 2686 ceminio
1297 2627 1433 2701 Victore,
1456 2621 1533 2700 quod

457 2716 558 2767 contre
582 2705 802 2766 ecclesiasticam
828 2707 960 2787 regulam
983 2705 1191 2785 presbyterum
1214 2712 1343 2765 tutorem
1368 2725 1423 2766 suo
1448 2712 1532 2764 testa-

457 2796 557 2871 mento
572 2787 774 2848 constituerat.
791 2789 869 2849 Pene
887 2788 983 2848 simile
1004 2787 1156 2848 decretum
1170 2793 1264 2847 exstat
1277 2786 1308 2846 iu
1331 2787 1431 2848 codice
1448 2803 1532 2846 ceno-

457 2888 530 2932 num
552 2870 679 2930 ecclesie
701 2870 844 2930 Africanae
859 2889 928 2931 coe.
944 2871 979 2930 81
997 2869 1076 2949 opud
1101 2869 1287 2931 llarduiuum
1301 2866 1414 2930 collect.
1431 2864 1530 2929 eorwil.

459 2962 531 3015 tom.
555 2954 569 3013 1
598 2948 654 3011 col.
677 2951 755 3027 sot,
784 2951 836 3011 ubi
861 2952 899 3011 de
915 2953 1064 3030 episeopo,
1085 2952 1136 3029 qui
1153 2951 1286 3011 ethnicos
1307 2960 1359 3011 aut
1384 2950 1533 3012 hereticos

459 3033 584 3097 heredes
598 3032 768 3111 scripserat,
785 3032 933 3093 habentur
946 3032 1029 3093 hec:
1064 3057 1077 3085 u
1103 3035 1172 3094 Post
1196 3040 1322 3093 mortem
1339 3032 1493 3093 anathema
1504 3032 1531 3090 ei

460 3118 590 3191 dicatur,
606 3114 669 3193 ejus
683 3132 790 3175 nomen
806 3115 885 3175 inter
897 3117 952 3175 Dei
966 3113 1130 3175 secerdotes
1144 3113 1226 3173 nullo
1242 3113 1329 3174 modo
1347 3116 1497 3174 recitetur.
1512 3136 1525 3165 a

460 3200 536 3259 ilinc
557 3196 736 3276 Augustinus
755 3196 842 3277 epist.
866 3198 926 3256 est
948 3192 989 3255 od
1010 3193 1149 3276 Bonisoc.
1172 3214 1258 3256 oum.
1282 3200 1301 3255 4
1325 3213 1394 3290 opp.
1422 3204 1490 3257 tom.
1514 3196 1531 3254 2

459 3276 515 3342 col.
532 3281 593 3339 ete
607 3275 654 3341 ed.
673 3278 774 3339 Venet.
796 3278 875 3338 itte
898 3277 937 3336 de
958 3276 1125 3353 ceciliano,
1153 3296 1242 3354 quem
1264 3280 1425 3339 Donatistae
1450 3292 1531 3336 aceu-

459 3360 578 3434 sebant‚
603 3358 675 3418 dicit
689 3357 773 3417 haec:
803 3383 816 3412 α
829 3360 859 3421 Si
878 3376 948 3419 vera
969 3365 1081 3431 essent,
1096 3376 1163 3436 quae
1186 3358 1280 3419 abeis
1305 3357 1458 3420 ceciliano
1479 3356 1530 3416 ob

457 3442 535 3519 jecta
558 3447 679 3500 sunt...
709 3439 805 3515 ipsum
824 3441 885 3519 jam
904 3448 1056 3499 mortuum
1082 3438 1405 3501 anathematizaremus.
1426 3467 1439 3492 a
1469 3438 1530 3498 Alia

461 3520 754 3660 etiamlconsequenti
773 3528 858 3582 etate
878 3529 1023 3581 ocurrunt
1036 3521 1168 3601 exempla
1186 3522 1318 3601 eJusdem
1336 3519 1531 3583 ecclesiastice

463 3603 534 3663 disci
568 3602 636 3661 inae.

504 3622 555 3764 (ii
570 3686 643 3765 cap.
660 3682 885 3748 reticentem.
901 3703 1090 3748 exeoeemem.
