3575 5625
665 728 811 799 -259
839 771 886 785 -

304 935 312 949 .
341 876 431 949 Vlll.
471 878 520 949 Ex
560 879 661 950 veteri
708 876 876 975 disoiplina
918 896 1095 976 apostatae,
1137 886 1194 981 qui
1235 910 1309 957 rere

236 978 289 1051 ido
301 976 428 1051 olatriae
454 978 501 1047 rei
527 991 640 1065 erant,
674 998 743 1047 non
769 974 874 1046 solum
900 977 943 1046 ab
970 974 1102 1057 eeclesia
1131 982 1310 1079 ejicieban-

238 1093 309 1167 tur,
344 1072 401 1146 sed
435 1076 533 1147 etiam
568 1076 605 1143 in
639 1070 835 1169 quibusdam
880 1074 1020 1147 eeclesiis
1056 1077 1311 1153 excludebantur

237 1201 253 1245 a
287 1176 380 1245 venie
419 1188 453 1243 et
489 1171 712 1261 absolutione,
752 1197 852 1267 quam
889 1188 1018 1245 tantum
1051 1176 1086 1245 in
1117 1178 1192 1247 vitae
1223 1182 1312 1251 exitu

237 1270 456 1369 impetrabant
482 1270 553 1365 (1).
576 1268 669 1355 Quin
700 1267 820 1342 alicubi
844 1294 881 1341 oa
910 1282 981 1341 erui
1011 1271 1193 1369 disciplinae
1220 1300 1313 1347 sere·

237 1372 332 1459 ritas,
367 1384 406 1439 ut
445 1370 543 1439 etiam
581 1369 616 1437 in
648 1368 736 1437 exitu
770 1369 847 1439 ritae
885 1370 1103 1441 renonciliatio
1134 1368 1315 1467 denegare·

237 1482 293 1536 tnr
316 1464 506 1537 idololatriae
529 1467 611 1553 reis,
637 1464 755 1561 quibus
781 1488 853 1561 spes
872 1469 979 1538 omnis
1005 1470 1040 1539 in
1066 1490 1131 1538 una
1160 1469 1221 1539 Dei
1249 1473 1316 1541 mi-

237 1562 408 1635 sericordia
437 1562 695 1659 relinquebatur.
729 1559 795 1633 Sed
825 1577 937 1661 postea
968 1562 1039 1635 dari
1069 1568 1168 1662 eoepit
1193 1570 1312 1660 venia,

238 1662 336 1731 etiam
375 1676 549 1759 antequam
588 1661 702 1733 mortis
744 1660 928 1757 perieulum
968 1664 1175 1750 immineret3
1216 1681 1317 1763 atque

236 1761 275 1831 iis
293 1760 442 1855 imposita
468 1761 680 1856 poenitentia,
709 1782 785 1855 quas
824 1758 953 1831 brevior
976 1776 1035 1831 aut
1069 1760 1312 1855 longiorem,

238 1880 299 1953 pro
327 1859 484 1951 graviute
515 1858 659 1929 oriminis
698 1870 732 1927 et
765 1855 947 1955 adjunctis,
981 1880 1056 1953 quae
1092 1856 1176 1927 illud
1208 1864 1313 1931 uomi-

242 1954 405 2025 labantur.
1209 1998 1212 2003 ·

278 2150 319 2231 (ti
333 2152 439 2214 confer
460 2168 528 2231 quae
548 2170 581 2213 ea
605 2152 643 2215 de
666 2169 699 2215 re
720 2152 782 2215 dixi
798 2149 850 2215 iiii.
877 2152 897 2215 2
919 2150 968 2215 tit.
996 2152 1102 2215 ieret.
1122 2156 1140 2215 t
1158 2152 1184 2235 ς.
1207 2156 1264 2233 87,
1288 2163 1317 2217 et

237 2242 301 2295 leot.
316 2236 343 2311 6,
357 2236 375 2295 7
389 2241 417 2297 et
430 2236 449 2296 8
458 2253 532 2317 paq.
551 2235 611 2295 485
626 2242 727 2317 etseq.

286 2412 316 2511 ς.
349 2412 410 2485 lX.
438 2415 606 2512 llpostatoe
629 2412 786 2485 dicuntur
817 2416 916 2485 etiam
951 2414 1133 2509 regulares,
1169 2417 1228 2511 qui
1262 2432 1314 2487 te-

234 2536 329 2581 mere
366 2511 518 2583 deserunt
556 2513 768 2597 institutum,
802 2515 854 2582 oui
887 2537 923 2582 se
960 2512 1162 2584 solemnibus
1193 2516 1315 2583 emissis

236 2610 325 2679 votis
366 2607 573 2700 addixerant,
607 2624 639 2679 et
683 2607 817 2697 cleriei,
862 2612 920 2707 qui
960 2636 979 2679 a
1006 2610 1118 2681 cleriei·
1140 2625 1226 2681 statu
1261 2609 1317 2681 de-

233 2706 357 2777 ficiunt
385 2704 451 2803 (l).
489 2705 555 2791 Qui
590 2704 737 2799 regulare
772 2709 961 2779 institutum
999 2706 1214 2779 deseruerunt
1247 2723 1316 2777 sta-

233 2807 299 2874 tim
342 2821 494 2876 areentur
528 2833 546 2876 a
587 2805 682 2875 saeris
722 2821 756 2876 et
794 2808 1027 2878 communione
1063 2804 1314 2877 christianorum

233 2901 308 2995 (2),
335 2904 516 3000 praesertim
542 2903 569 2974 si
592 2901 739 2974 habitum
768 2905 866 2974 eiiam
900 2903 1082 2974 dimiserint
1109 2901 1188 2997 (ὅ),
1217 2905 1317 2974 amit-

233 3015 316 3069 tunt
342 2999 507 3096 privilegia
551 3001 712 3090 instituti,
754 2999 843 3070 unde
878 2999 1095 3070 discesserunt
1134 2999 1202 3094 (4),
1243 3024 1316 3068 sus·

234 3113 410 3193 ceptorum
443 3096 598 3169 ordinum
633 3121 769 3168 munera
803 3121 952 3184 exercere
989 3094 1208 3192 prohibentur
1244 3093 1315 3189 (5).

236 3193 329 3266 Sunt
353 3211 386 3266 et
414 3194 485 3266 aliae
511 3217 618 3290 poenae
653 3193 804 3268 adversus
824 3208 994 3362 sapostatae
1029 3191 1174 3264 inductae
1214 3215 1318 3288 pecu-

233 3289 373 3364 liaribus
403 3295 560 3364 institutis
586 3308 622 3364 et
649 3289 775 3388 legibus
803 3317 822 3364 o
864 3293 957 3362 inum
986 3287 1204 3386 regularium,
1236 3315 1321 3386 qua-

234 3388 288 3459 les
330 3405 406 3461 sunt
452 3393 605 3478 carceris,
651 3391 790 3490 jejunii,
839 3389 982 3477 similes3
1021 3404 1177 3487 praeterea
1213 3412 1322 3556 nerpre¹

232 3488 302 3582 ipsi
334 3487 410 3559 alios
448 3488 567 3582 eligere
601 3487 642 3557 ad
676 3486 886 3584 praelaturas,
927 3511 1037 3584 neque
1072 3485 1114 3556 ab
1147 3485 1217 3556 aliis
1246 3487 1321 3580 eigi

239 3600 394 3680 possunt.

284 3805 327 3886 (i)
341 3807 503 3869 Concilium
518 3805 694 3874 Choluedon.
712 3825 781 3868 eun.
803 3807 820 3866 7
839 3804 919 3884 apud
939 3805 1030 3868 lerb.
1053 3813 1115 3866 tom
1131 3804 1150 3864 i
1168 3803 1223 3867 eol.
1241 3805 1321 3866 tosa

232 3884 312 3948 adri.
333 3887 432 3949 Veset.
466 3914 479 3942 u
494 3893 566 3967 iios,
592 3887 708 3966 inquit,
723 3889 775 3967 qui
794 3887 824 3948 in
841 3887 920 3950 oleru
938 3887 1027 3948 semel
1041 3887 1170 3949 ordinati
1192 3895 1275 3961 suut,
1293 3894 1323 3946 et

231 3969 349 4030 itidem
372 3969 547 4046 monachos,
573 3969 729 4032 statuimus
762 3985 818 4030 neo
838 3969 876 4034 ed
901 3969 1059 4047 militarem
1086 3966 1320 4045 expeditionem,

233 4067 299 4112 nee
312 4049 350 4110 ad
363 4053 532 4112 weuiarem
556 4050 729 4131 dignitatum
753 4068 836 4130 posse
861 4051 973 4112 venire.
1002 4049 1060 4126 Qui
1086 4056 1185 4110 autem
1200 4046 1257 4109 hoo
1271 4063 1323 4104 au·

234 4131 333 4207 dent,
352 4140 382 4190 et
395 4151 455 4194 non
476 4133 647 4211 penitentia
669 4131 749 4194 ducti
767 4130 805 4194 ad
829 4131 860 4194 id
882 4138 1088 4202 revertuntur,
1104 4127 1184 4206 quod
1202 4135 1323 4204 propter

232 4217 341 4276 neam
355 4215 438 4290 prius
450 4213 615 4292 elegerant,
631 4213 903 4276 anathematizari.»
918 4212 1031 4274 Similia
1043 4209 1155 4271 ament
1169 4211 1200 4270 S·
1211 4209 1271 4270 110⁰
1282 4209 1322 4268 ld.

231 4313 292 4375 φ.
309 4295 369 4356 itt
393 4292 434 4356 od
447 4295 561 4358 iiuada.
577 4313 657 4376 resp.
676 4298 714 4358 ii
730 4312 797 4376 opp.
816 4301 887 4358 torn.
903 4296 917 4356 l
931 4289 987 4356 cot.
1011 4293 1092 4354 tiso
1104 4287 1151 4351 ed.
1172 4284 1322 4352 Bodetia.
