3575 5625
675 636 898 708 -107-

288 783 333 864 (1)
354 784 511 861 Inscriptio
529 783 579 844 iliu
600 784 678 844 tituli
701 784 914 848 Psndectsrum
928 783 964 848 dc
978 786 1185 872 Jurejuranto
1199 789 1261 852 ciue
1275 810 1327 853 uu·

246 863 400 941 luntario,
422 866 484 928 siue
505 865 685 943 emesae-io,
706 865 768 927 siue
781 865 941 948 judiciali,
967 871 1111 950 triplicem
1135 871 1210 933 huuc
1236 871 1326 935 hebet

244 947 443 1026 jurisjurandi
457 945 645 1008 divisionem.

297 1100 329 1201 ς.
358 1100 485 1173 xxiv,
513 1099 745 1173 voluntarium
787 1119 857 1192 est,
886 1103 976 1201 quod
1016 1105 1097 1176 alter
1129 1105 1241 1198 alteri,
1270 1129 1327 1182 uut

248 1225 289 1269 ex
326 1214 513 1288 conventu,
557 1216 615 1270 aut
647 1203 716 1270 sine
755 1217 920 1272 conventu
953 1217 1046 1274 extre
1075 1203 1237 1300 judicium
1265 1207 1327 1278 de·

250 1295 336 1385 sert,
371 1295 421 1366 tel
458 1297 558 1368 refert
586 1298 651 1394 11).
692 1298 825 1370 Deferre
859 1298 1095 1397 jusjurandum
1125 1318 1174 1372 est
1209 1301 1327 1376 sdver-

248 1395 335 1464 saric
369 1392 487 1464 offerre
513 1395 730 1492 jurisjurandi
774 1395 1019 1486 conditionem
1065 1399 1186 1470 referre
1219 1417 1328 1472 eutem

248 1505 305 1562 est
335 1515 404 1561 non
438 1493 600 1588 suscipere
634 1491 719 1564 hunc
749 1494 991 1584 conditionem,
1030 1520 1169 1593 eumque
1204 1499 1239 1568 iu
1274 1502 1328 1597 ip-

249 1612 324 1658 sum
365 1586 560 1660 offerentem
605 1592 750 1687 rejicere.
793 1589 952 1663 iudiciale
986 1593 1213 1689 juramentum
1259 1614 1327 1688 est,

252 1684 342 1781 quod
370 1684 555 1784 injudicio
583 1687 666 1758 alter
702 1686 903 1782 litigantium
930 1688 1023 1760 elteri
1059 1690 1182 1778 desert,
1218 1693 1330 1790 judice

253 1807 322 1853 non
353 1801 509 1878 cogente,
544 1783 602 1854 sed
630 1811 671 1883 ep
697 1785 858 1872 robaute3
894 1791 1111 1857 necessarium
1146 1803 1214 1876 est,
1240 1791 1330 1884 quod

247 1878 353 1977 judex
395 1880 446 1952 vei
479 1884 599 1971 acturi,
632 1909 651 1952 v
722 1908 778 1954 reo
808 1881 934 1972 desert,
968 1882 1024 1953 ubi
1056 1885 1152 1981 plene
1182 1884 1331 1982 probatio

253 1978 357 2068 desit,
388 1994 425 2050 ut
440 1977 519 2051 iude
534 1982 649 2051 veritas
675 1982 856 2053 innotescat
879 1977 946 2078 (2).

296 2161 339 2244 (t)
359 2168 449 2228 Recte
470 2164 527 2227 huc
540 2165 749 2246 jusjurandum
762 2167 961 2229 voluntarium
977 2166 1100 2244 dicitur,
1117 2171 1255 2247 quonium
1270 2173 1331 2234 sive

252 2244 329 2306 iilud
350 2265 386 2308 ex
400 2255 485 2326 pecto
498 2251 668 2326 emittatur,
688 2249 744 2311 hcc
767 2249 887 2328 quidem
910 2267 947 2310 ex
967 2248 1060 2309 iibere
1078 2250 1257 2331 litigantium
1278 2272 1331 2314 vo·

251 2327 368 2388 luntute
387 2330 537 2408 procedit,
555 2350 590 2392 ec
606 2341 749 2410 preterea
760 2331 812 2409 qui
833 2329 914 2392 idem
935 2347 971 2392 ex
994 2339 1078 2409 pecto
1092 2331 1207 2394 deferre
1227 2333 1330 2408 debet,

253 2426 353 2492 neque
365 2417 446 2472 extre
457 2411 604 2490 judicium
615 2413 654 2474 ed
674 2412 869 2474 deferendum
886 2413 969 2492 cogi,
985 2431 1081 2492 neque
1098 2413 1193 2490 idem,
1209 2416 1233 2476 si
1256 2415 1333 2477 deie·

252 2499 319 2565 nt,
341 2492 540 2554 adversarium
561 2494 598 2554 ad
615 2495 776 2573 jurandum
799 2494 919 2574 adigere
936 2495 1043 2572 possit3
1066 2494 1127 2555 sive
1150 2504 1249 2556 contre
1269 2499 1333 2558 siue

253 2583 402 2634 wnveutu
414 2574 580 2650 deferetur,
596 2576 745 2656 integrum
758 2577 797 2637 sit
807 2575 952 2636 deserenti
965 2594 1023 2636 non
1039 2574 1171 2655 deferre3
1182 2577 1333 2659 integrum

252 2653 301 2728 ei,
317 2656 364 2716 cui
377 2655 508 2717 deletum
529 2664 589 2733 cst,
607 2676 662 2718 nce
681 2666 835 2735 prestare,
858 2675 914 2716 nec
931 2658 1057 2734 referre;
1078 2659 1226 2739 integrum
1248 2661 1334 2722 deui-

251 2753 313 2813 que
326 2737 371 2815 ei,
386 2739 434 2800 eui
447 2739 574 2798 relatum
588 2747 648 2808 est,
663 2757 719 2800 uec
738 2748 809 2798 tuuc
829 2738 904 2798 illud
917 2746 1072 2817 presure,
1095 2742 1234 2819 quonium
1255 2760 1334 2802 scm·

250 2835 310 2895 per
323 2818 424 2895 deest,
438 2821 490 2899 qui
506 2826 605 2901 coget,
627 2840 696 2881 cum
718 2822 750 2881 id
769 2820 901 2900 privatus
918 2821 949 2881 in
971 2822 1118 2899 privatum
1142 2822 1258 2885 efficere
1279 2842 1334 2885 ne·

253 2908 356 2977 quent.
370 2902 497 2963 censue
507 2905 634 2964 Vuetum
648 2903 682 2964 in
695 2901 841 2963 Pundect.
857 2899 909 2964 tit.
928 2904 966 2963 ts
978 2902 1025 2963 tit.
1042 2905 1062 2963 2
1076 2922 1161 2965 uum.
1179 2906 1208 2965 7.

297 2980 340 3062 (ἢ)
361 2986 407 3044 De
429 2984 594 3045 voluntario
615 2984 808 3063 jurejurando
838 2983 941 3045 eedem
970 2992 1015 3045 est
1037 2985 1196 3046 latinorum
1224 3003 1336 3065 grecu-

251 3080 383 3141 rumque
397 3065 559 3142 sententis,
575 3066 627 3126 sed
641 3065 679 3126 de
698 3065 859 3126 necessario
878 3084 912 3125 re
923 3064 1055 3143 judiciali
1073 3084 1177 3145 magna
1193 3066 1335 3127 dissensio

252 3153 315 3216 eut,
339 3164 428 3222 quum
447 3146 508 3225 jum
524 3165 578 3209 suu
595 3155 681 3209 ente
702 3147 792 3207 inisse
815 3145 906 3205 trudit
925 3147 984 3205 Ano
1009 3145 1042 3206 in
1066 3164 1185 3205 summu
1206 3144 1273 3206 eod.
1299 3144 1336 3207 de

252 3226 396 3307 Iurejur.
419 3246 453 3288 n.
469 3230 500 3289 c.
517 3231 591 3291 Nem
605 3229 692 3308 greci
707 3228 899 3290 necessarium
920 3234 1041 3302 vocent,
1056 3226 1135 3304 quod
1153 3227 1228 3286 ulter
1250 3228 1335 3289 alteri

252 3306 411 3385 injudicio
435 3309 547 3385 defert,
558 3309 658 3387 judice
670 3308 864 3389 suscipiendi,
881 3315 934 3367 aut
948 3306 1095 3367 referendi
1107 3307 1265 3387 juramenti
1280 3328 1335 3371 ne-

252 3390 420 3450 cessitatem
441 3392 628 3470 impuueute;
648 3391 803 3469 judiciale,
825 3389 905 3469 quod
926 3388 1017 3468 judex
1035 3390 1096 3468 ipse
1119 3389 1214 3451 desert
1231 3399 1335 3471 sponte

252 3488 320 3529 suu.
343 3471 495 3533 &humen
517 3473 552 3533 iu
575 3473 781 3535 Nmuccauen.
809 3470 913 3535 Photii
937 3470 983 3531 tit.
1014 3473 1051 3532 15
1076 3490 1144 3553 cup.
1173 3475 1226 3550 18,
1255 3474 1334 3552 apud

252 3552 415 3613 tusteltum
429 3551 511 3615 niti.
526 3557 597 3617 Jur.
617 3572 724 3615 mnus.
745 3562 817 3615 tum.
836 3557 855 3615 2
866 3573 939 3635 puy.
963 3554 1042 3615 1117
1057 3552 1103 3614 ed.
1127 3556 1229 3616 Paris.
1254 3556 1330 3617 1661

259 3658 277 3687 ι
299 3634 523 3712 voluntarium,
541 3636 654 3714 inquit,
674 3635 754 3714 quod
779 3636 866 3696 datur
884 3654 920 3696 ex
935 3634 1085 3695 vuluntate
1098 3636 1226 3713 partium
1251 3645 1334 3697 extra

248 3714 419 3794 judicium,
438 3718 650 3793 necessarium,
672 3716 752 3795 quud
767 3717 918 3778 deferente
936 3723 1033 3777 actore
1049 3725 1079 3777 et
1098 3734 1133 3777 ex
1155 3716 1335 3796 interloquu-

251 3799 338 3858 tione
362 3798 470 3875 judicis
493 3798 595 3872 detur3
619 3798 774 3877 judiciale,
803 3798 883 3877 quod
911 3797 1017 3876 judicis
1049 3800 1208 3875 sententia,
1245 3801 1334 3861 etiam

252 3878 425 3940 nolentibus
438 3881 490 3955 iis,
504 3880 556 3959 qui
578 3880 714 3961 litigent,
728 3878 956 3941 controversiam
974 3879 1092 3941 decidit.
1109 3904 1123 3933 u
1149 3880 1282 3958 cujacius
1301 3899 1334 3939 iu

252 3961 381 4021 Paulum
402 3970 509 4042 recept.
530 3958 712 4023 sententiis.
734 3963 753 4022 1
773 3961 819 4021 tit.
841 3963 877 4021 51
903 3978 971 4042 opp.
993 3968 1062 4021 tom.
1091 3963 1105 4020 1
1131 3958 1281 4037 1011119,
1306 3968 1335 4020 et

251 4039 298 4101 ud
319 4040 405 4103 edict.
428 4040 521 4103 Puni.
544 4040 594 4104 111.
615 4044 654 4104 18
676 4046 708 4103 L.
726 4045 763 4103 17
786 4049 856 4104 tem.
878 4038 970 4103 dccl.
994 4044 1051 4103 nit
1073 4042 1195 4102 iterem
1215 4058 1332 4101 omnem

250 4123 424 4185 distinxisse
441 4124 574 4200 videtur,
589 4131 624 4184 ut
643 4124 842 4185 voluntarium
861 4124 1066 4202 jusjurandum
1088 4123 1141 4197 sit,
1161 4120 1240 4200 quod
1258 4121 1332 4180 alten

248 4205 342 4267 elteri
361 4214 444 4266 extra
460 4206 604 4285 judicium
625 4206 737 4283 defert,
763 4206 973 4283 necessarium,
998 4204 1078 4285 quod
1098 4201 1272 4265 alteralteri
1299 4201 1331 4264 iu
