3575 5625
666 655 883 726 ..199-

245 804 366 899 cipiunt
401 801 466 900 (2).
505 800 780 901 Compromissum
821 819 869 874 ast
904 809 1093 894 eontentio,
1136 833 1200 903 qua
1233 806 1304 878 liti-

243 917 352 994 gantes
388 904 637 973 controversiam
676 902 811 1000 alicujus
834 901 958 1002 judicio
991 903 1165 1004 subjiciunt
1199 929 1302 1002 spon·

243 997 385 1096 dantque
425 1025 459 1072 se
494 999 606 1070 arbitri
648 1003 815 1072 sententiae
860 1005 1018 1098 parituros
1061 1002 1127 1099 (ὅ).
1167 1003 1304 1100 Accepta

242 1095 281 1164 ab
320 1097 441 1169 arbitro
472 1100 646 1170 conventio
681 1113 860 1197 receptum
895 1099 1013 1171 dicitur
1045 1101 1112 1195 (t).
1149 1099 1215 1172 lloc
1242 1127 1305 1171 au·

242 1209 305 1264 tem
337 1199 536 1291 promittunt
567 1195 727 1292 liligantes
754 1195 805 1268 rel
839 1214 954 1270 mutua
990 1197 1219 1295 stipulatione,
1258 1199 1306 1268 rel

242 1292 328 1364 nudo
364 1313 473 1390 pacto,
502 1310 537 1365 et
574 1295 741 1368 interdum
779 1298 877 1367 etiam
917 1321 978 1393 pro
1024 1321 1137 1367 eorum
1174 1295 1307 1366 arbitrio

241 1388 363 1488 adjecta
394 1419 491 1490 poena
535 1419 595 1492 per
625 1420 724 1491 quam
753 1397 814 1494 ipsi
845 1394 982 1466 firmiori
1016 1392 1145 1466 vinculo
1168 1392 1304 1466 obstrin-

243 1506 377 1581 guntur.

279 1711 322 1793 (t)
346 1711 714 1776 uscoadetcrtatia.

291 1797 322 1876 2)
344 1799 378 1857 t.
391 1798 430 1856 tt
439 1794 468 1876 §.
482 1793 517 1878 ff.
531 1794 568 1856 dr
582 1803 687 1877 recept.
700 1794 806 1857 arbitr.
819 1796 876 1880 qui
887 1793 995 1858 arbitr.
1010 1813 1104 1877 recep.

292 1879 432 1952 5tt.tt
470 1921 478 1936 .
519 1875 935 1959 .eorl.,cop.t0decrbitr.

282 1957 327 2038 (t)
349 1961 381 2020 t.
394 1961 434 2021 25
515 2003 523 2019 .
539 1956 616 2036 ead„
632 1977 697 2041 cop.
714 1958 780 2021 lde
796 1958 900 2021 arbitr.

285 2163 318 2266 ς.
350 2165 408 2236 Vl.
448 2165 593 2262 Antiqua
631 2164 708 2262 jure
756 2167 853 2236 etiarn
893 2165 1107 2264 jurisjurandi
1155 2165 1308 2262 religiono

243 2265 542 2363 compromittentes
592 2288 682 2333 suam
732 2261 920 2360 obligabant
973 2261 1094 2352 fidem3
1147 2278 1218 2334 tum
1273 2265 1307 2334 id

243 2367 341 2435 vetuit
371 2361 572 2433 iustinianus
606 2360 680 2458 (l);
711 2359 768 2431 sed
795 2365 873 2461 jare
906 2365 1061 2435 canonico
1103 2377 1189 2434 reete
1217 2365 1309 2436 emit·

244 2463 320 2532 titur
345 2459 579 2559 jusjurandum
620 2475 654 2552 et
687 2461 839 2532 emissum
866 2459 952 2532 valet
981 2459 1046 2558 (ἢ).
1087 2459 1171 2532 Cum
1215 2485 1309 2532 com-

246 2561 399 2654 promisso
435 2557 560 2657 adjecta
598 2582 695 2655 poena
726 2574 797 2649 est,
832 2583 907 2656 quae
939 2558 1090 2654 adjicitur
1119 2574 1152 2629 et
1183 2561 1310 2630 omitti-

245 2673 297 2727 tur
333 2656 469 2729 arbitrio
506 2654 702 2751 litigantium
743 2655 818 2752 (ὅ),
853 2672 926 2727 tum
958 2657 1062 2746 civili,
1102 2673 1172 2728 tum
1212 2681 1312 2728 cano·

246 2757 312 2829 nico
343 2757 424 2855 jure
457 2753 547 2827 locus
585 2769 634 2826 cst
667 2755 818 2853 petitioni
854 2778 984 2852 poenae,
1026 2779 1096 2827 non
1131 2756 1312 2852 exceptioni

246 2857 288 2924 rei
319 2854 495 2951 judicatae,
548 2878 648 2953 quam
695 2850 863 2923 arbitrium
913 2855 1047 2925 minime
1093 2856 1177 2951 parit
1235 2852 1308 2947 (l);

245 2978 315 3024 cum
354 2978 456 3052 poena
497 2966 546 3023 est
583 2952 717 3039 omissa,
753 2955 883 3023 inueni
920 2957 1011 3023 actio
1054 2977 1072 3021 a
1115 2952 1191 3046 jure
1228 2950 1312 3021 cirili

245 3067 427 3150 comparata
454 3065 503 3121 ert
531 3050 601 3147 (5).
631 3049 806 3119 iustiniani
836 3047 908 3143 lege
939 3048 993 3145 (6)
1025 3050 1051 3117 si
1077 3062 1209 3143 pactum
1245 3049 1312 3119 sine

246 3174 336 3245 poena
364 3166 416 3221 eat
450 3150 586 3221 arbitri
624 3151 805 3221 manao
839 3150 953 3234 aava,
994 3161 1027 3217 et
1059 3144 1222 3239 litigantes
1259 3161 1315 3215 aut

246 3251 437 3320 sententiam
472 3248 741 3343 subscripserint,
784 3260 841 3315 aut
868 3243 982 3315 decem
1018 3243 1145 3314 dierum
1185 3241 1313 3314 silentio

247 3348 526 3436 confirmaverint,
574 3368 630 3415 reo
663 3343 747 3439 pacti
777 3368 853 3415 exce
877 3344 944 3433 tio,
981 3344 1081 3413 actori
1126 3342 1159 3410 in
1193 3340 1312 3412 sactum

247 3448 323 3516 actio
356 3442 560 3516 conceditur.
596 3440 663 3511 sed
692 3439 788 3513 bodie
820 3368 953 3512 sublatis
989 3442 1059 3540 jam
1102 3438 1199 3509 civilis
1230 3440 1312 3537 juris

248 3541 495 3632 subtilitatibus3
547 3538 683 3639 quodvis
734 3540 1019 3639 compromissum,
1080 3542 1178 3609 etiam
1224 3536 1314 3610 nudo

248 3657 337 3733 paeto
382 3642 521 3729 initum²
568 3640 726 3709 aetianam
765 3654 799 3709 et
840 3640 1061 3735 exceptionem
1092 3638 1190 3732 parit.
1231 3634 1314 3707 Nam

250 3742 360 3830 passim
407 3753 536 3834 recepta
577 3737 736 3807 sententia
768 3752 835 3824 eat,
872 3738 968 3807 etiam
1003 3760 1042 3805 ex
1087 3733 1176 3805 nudo
1220 3749 1315 3830 pacto

250 3839 406 3908 arnonem
453 3851 487 3906 et
523 3836 742 3932 exceptionem
781 3835 877 3920 oriri3
911 3835 978 3906 sive
1012 3832 1046 3903 id
1081 3858 1119 3903 ex
1153 3833 1228 3930 jure
1267 3856 1316 3900 ca-

250 3937 386 4023 nonico,
422 3950 477 4006 aut
515 3936 623 4031 potius
662 3958 701 4003 ex
731 3934 801 4030 ejus
832 3934 1099 4029 interpretatione
1138 3932 1173 3999 in
1211 3950 1317 3997 mores

249 4031 432 4105 traductum
467 4031 586 4121 fuerit,
628 4032 693 4102 sire
733 4029 821 4127 quod
862 4028 1046 4103 labentibus
1087 4030 1180 4101 annis
1222 4048 1316 4117 grave

249 4144 280 4197 et
309 4128 485 4200 absurdum
524 4134 627 4202 risum
662 4129 782 4219 fuerit,
822 4132 918 4200 etiam
952 4132 987 4199 in
1019 4123 1115 4199 nudis
1148 4122 1247 4219 pactis
1277 4122 1315 4195 ft-

254 4225 326 4299 dem
345 4228 456 4300 lallare
478 4227 545 4327 (7).
