3575 5625
667 585 887 656 -115-

242 754 306 808 tam
343 752 534 824 atteram,
567 731 650 806 adeo
677 749 715 804 ut
741 735 902 804 contraria
923 731 1120 828 probatione
1155 731 1319 806 infirmari

241 859 308 906 non
332 835 446 929 possit.
485 831 533 902 lta
565 831 676 922 heres,
718 832 776 928 qui
809 832 1025 902 inventarium
1054 856 1123 902 non
1149 833 1318 922 confecit,

240 930 433 1002 hereditaria
472 929 558 1001 bona
602 928 784 999 distraxisse
824 943 992 1014 censetur,
1038 927 1095 999 aed
1131 928 1200 1002 haec
1235 957 1320 1028 prae·

238 1031 381 1124 sumptio
417 1029 578 1100 contraria
606 1026 887 1098 demonstratione
922 1023 994 1095 tolli
1030 1041 1151 1122 potest.
1191 1027 1318 1128 Hujus·

240 1125 329 1196 modi
359 1143 436 1196 sunt
465 1123 632 1221 plcraeque
669 1124 964 1220 praesumptiones,
995 1121 1038 1194 de
1069 1123 1188 1219 quibus
1217 1144 1319 1220 agunt

237 1220 415 1294 decretales
445 1227 488 1294 iu
518 1223 621 1293 titulo
656 1221 698 1292 de
727 1221 1103 1318 Prcemmptiirnibm3
1130 1236 1166 1290 et
1201 1220 1318 1294 barum

237 1323 388 1391 omnium
428 1323 570 1416 propriae
606 1334 683 1388 sunt
724 1317 877 1390 formulae
922 1317 1055 1404 arderi,
1095 1321 1317 1410 existimari,

236 1419 410 1515 inultiqt,
434 1417 569 1488 baberi.
594 1415 812 1512 Praesumptio
824 1418 932 1512 juria
955 1415 1055 1486 etde
1074 1421 1168 1510 jure
1186 1440 1319 1488 omnem

235 1517 362 1612 respuit
389 1516 585 1586 contrariam
615 1513 844 1610 probationem
871 1510 951 1607 (1);
984 1513 1197 1608 praesumptio
1211 1519 1318 1610 juris

235 1623 384 1686 tautum
411 1636 479 1684 non
502 1637 575 1682 earn
606 1636 683 1682 sane
708 1611 856 1704 respuit,
883 1607 941 1679 sed
973 1607 1134 1704 probandi
1172 1635 1257 1682 onus
1285 1613 1320 1684 in

234 1707 332 1782 illum
360 1707 535 1797 transfert,
565 1709 625 1803 qui
638 1705 739 1778 babet
767 1719 927 1776 contrusa
942 1708 1236 1802 presumptionem
1247 1707 1316 1805 (ᾗ)

298 1891 338 1972 Ι).
363 1893 436 1974 Cup.
453 1895 493 1954 50
505 1889 541 1954 de
553 1889 714 1974 Sponsul.;
730 1909 797 1974 cap.
818 1893 838 1952 4
855 1891 918 1969 Qui
929 1893 1062 1953 mamm.
1078 1911 1180 1955 meus.

296 1975 327 2056 2)
348 1977 381 2036 L.
393 1973 479 2056 fliff.
497 1972 687 2050 deProbut.;
703 1991 770 2054 rep.
788 1975 827 2034 10
838 1970 874 2034 cle
888 1975 1059 2054 Prctump.

270 2141 314 2310 [l.
354 2141 470 2216 XXX.
512 2143 729 2240 Praeaumptio
770 2141 913 2214 bominis
956 2159 1005 2215 est
1049 2145 1238 2242 conjectura
1272 2149 1314 2220 ab

232 2243 267 2312 in
294 2243 362 2312 iciis
389 2256 484 2332 nata,
522 2266 599 2338 quae
631 2239 721 2312 nulla
750 2257 836 2312 certa
868 2239 941 2336 lege
966 2243 1175 2332 dominetur,
1212 2269 1317 2343 eaque

233 2337 285 2408 vel
307 2354 358 2410 est
384 2337 461 2410 leuis
486 2353 520 2410 et
546 2340 737 2427 temeraria,
774 2337 823 2408 rel
857 2337 1055 2435 probabilis,
1084 2337 1134 2410 rel
1156 2340 1312 2414 violenta.

232 2434 327 2506 Levis
361 2451 395 2507 et
431 2438 601 2506 temeraria
636 2437 851 2531 praesumptio
883 2450 950 2524 est,
985 2458 1063 2532 quae
1103 2459 1143 2506 ex
1184 2440 1316 2510 incertis

233 2537 342 2604 oritur
371 2531 562 2630 levibusque
596 2535 815 2628 argumentis,
854 2548 889 2603 et
933 2557 1012 2630 quae
1051 2531 1134 2603 nihil
1178 2535 1310 2632 probat.

232 2629 285 2700 Ad
318 2631 387 2700 hoc
413 2631 678 2726 presumptionis
712 2655 814 2724 genus
852 2628 966 2701 referri
998 2643 1138 2726 pomum
1171 2634 1317 2730 antiquas

233 2729 468 2825 purgationes,
508 2752 585 2825 quae
633 2725 778 2822 vulgares
822 2725 1016 2798 dicebantur
1054 2726 1131 2823 (l),
1170 2754 1317 2899 quaspne

232 2822 314 2896 olim
346 2824 514 2895 interdurn
547 2822 706 2895 adhibitas
745 2824 841 2897 luisse
867 2838 994 2895 constat
1018 2850 1079 2921 per
1106 2849 1126 2895 a
1151 2850 1227 2897 uam
1264 2831 1315 2899 ri·

234 2924 347 3019 gidam
384 2920 438 3019 (2)
469 2936 525 2993 aut
558 2920 736 2993 ferventem
782 2922 858 3019 (5),
901 2922 1027 2993 serrum
1064 2850 1208 2993 candens
1240 2926 1316 3021 (d),

234 3019 500 3093 monomachiam
552 3044 609 3091 seu
662 3018 812 3090 duellum
855 3018 914 3115 (b)
965 3034 1000 3088 et
1050 3017 1191 3107 similia,
1242 3044 1318 3118 quat

232 3134 353 3189 cuncta
378 3142 397 3185 a
425 3116 560 3187 summis
586 3115 804 3189 Pontificibus
841 3116 960 3186 merito
992 3114 1147 3184 damnata
1182 3128 1217 3185 et
1255 3120 1315 3189 im·

236 3216 376 3312 probata
403 3229 481 3286 sunt
505 3216 573 3313 (6).

271 3413 316 3497 (l)
339 3413 515 3495 vulgarium
529 3412 754 3493 purgationum,
770 3428 836 3491 quae
849 3410 939 3473 etiam
953 3408 1176 3489 appellabantur
1188 3410 1315 3477 Iudicia

232 3497 304 3574 Dei,
321 3495 363 3555 de
382 3494 491 3573 quibus
514 3492 660 3556 videndus
684 3497 731 3555 Du
751 3496 848 3573 Gange
867 3492 901 3554 in
925 3489 1022 3555 otou.
1051 3490 1132 3554 aero.
1155 3492 1314 3557 Iudicium

231 3578 291 3639 Dei
297 3621 306 3653 ,
325 3576 430 3638 multae
447 3582 532 3636 erant
549 3576 673 3655 species,
695 3592 768 3653 quas
786 3592 803 3635 a
820 3574 1021 3656 Langobar-dis
1052 3574 1175 3653 diisque
1201 3593 1220 3637 e
1239 3580 1316 3641 Ger·

231 3660 330 3721 mania
351 3655 468 3737 populis
480 3657 511 3717 in
533 3658 647 3719 ltaliam
672 3657 800 3718 invectas
817 3664 969 3737 exponunt
991 3656 1133 3719 mantea
1157 3656 1189 3717 in
1210 3658 1313 3739 rape

233 3738 268 3801 de
284 3742 416 3821 Purqct.
431 3735 572 3819 uulpur.,·
594 3737 727 3818 cujaeius
750 3734 802 3799 lib.
821 3740 835 3799 1
855 3736 986 3801 Feudor.
1007 3736 1053 3799 ot.
1075 3740 1089 3799 1
1111 3736 1140 3818 S.
1160 3736 1197 3799 Si
1212 3746 1315 3801 euteria

232 3820 437 3885 moceria
450 3838 524 3903 opp.
538 3827 559 3881 t.
576 3816 662 3881 toul.
680 3820 759 3881 1077
779 3836 841 3901 req.
864 3818 913 3883 ed.
928 3818 1000 3894 cit.;
1021 3817 1201 3883 Humtorius
1214 3820 1312 3903 antiq.

231 3900 331 3965 Italia.
355 3900 475 3965 dissert.
492 3904 532 3963 58
554 3902 653 3976 et593
678 3900 838 3963 Martenius
863 3900 901 3963 de
924 3900 1028 3984 Antip.
1051 3898 1121 3963 cccl.
1145 3900 1197 3961 rit.
1213 3898 1265 3962 lib.
1294 3903 1313 3961 ὅ

229 4002 300 4127 tt·
314 3981 1225 4141 l“lttt‘tt‘thtltltltff‘ott‘tttltt
1238 3982 1314 4121 ltu?

230 4084 420 4211 sndtddilrern
439 4148 560 4226 impiam
581 4146 663 4209 illam
676 4082 771 4227 legem
786 4081 992 4209 duelli’rcurb
1017 4160 1078 4206 non
1092 4142 1233 4222 potuisse.
1256 4142 1312 4203 Ca·

337 4252 416 4299 τοι.
444 4250 479 4299 11.
1174 4220 1211 4289 6.
