3575 5625
865 618 1063 689 ...66-

426 768 520 829 voluit
539 766 576 828 ad
596 767 810 848 suscipiendam
831 767 929 840 litem,
953 767 1010 828 uisi
1031 766 1139 845 prioris
1159 765 1220 827 litis
1236 766 1378 844 impensu
1398 764 1501 825 solutes

426 850 561 911 inissent.
582 849 757 911 constitutio
772 849 835 910 haee
847 849 1047 922 desideratur,
1061 849 1113 909 sed
1128 847 1191 926 ejus
1205 847 1352 927 epitomen
1368 865 1405 908 ex
1420 847 1501 908 Busi-

428 931 492 991 licis
505 931 607 992 aduxit
622 931 755 1010 Cujacius
768 930 920 993 Observct.
937 928 987 992 bb.
1012 933 1089 992 ibo.
1108 932 1144 991 at
1166 947 1234 1011 opp.
1251 935 1322 990 tom.
1338 924 1423 991 5ιοί.
1440 929 1500 990 3¹9

428 1012 475 1074 ed.
494 1013 544 1075 cit.
567 1017 755 1088 contraeas,
780 1015 900 1092 quire,
926 1021 977 1074 aut
1000 1014 1075 1089 loco,
1091 1019 1142 1072 aut
1160 1029 1245 1072 causa
1263 1011 1329 1090 pius
1349 1017 1501 1090 peterent,

429 1095 509 1175 tripli
524 1113 640 1176 poenam
653 1095 803 1157 constituit
816 1096 1000 1160 lastinianus
1011 1093 1062 1157 cit.
1077 1093 1105 1176 S.
1124 1096 1163 1156 55
1177 1096 1256 1156 inat.
1271 1090 1309 1154 de
1318 1092 1437 1156 Action.

476 1299 508 1400 §.
539 1300 583 1372 Vl
608 1300 688 1371 Jure
726 1301 882 1374 canonico
918 1303 975 1398 qui
1019 1324 1078 1388 re,
1108 1315 1165 1370 aut
1194 1321 1288 1370 causa
1326 1295 1401 1395 plus
1437 1323 1500 1395 pe-

428 1415 525 1488 tunt,
559 1401 594 1469 in
634 1424 788 1498 expensas
828 1397 1113 1486 condemnantem
1151 1399 1209 1494 qui
1243 1395 1337 1485 lucc,
1386 1397 1422 1466 in
1467 1395 1501 1464 id

428 1496 519 1595 quod
562 1495 717 1568 debitoris
752 1499 905 1583 interest3
950 1495 1094 1592 denique
1134 1497 1192 1592 qui
1236 1509 1385 1590 tempore
1426 1490 1502 1590 plus

453 1597 602 1684 etia-int,
640 1594 743 1693 duplo
782 1594 920 1693 majores
965 1592 1111 1664 inducias
1155 1617 1213 1666 reo
1253 1591 1398 1661 tribuere
1440 1589 1504 1662 de·

427 1621 530 1781 beat,
574 1718 683 1790 neque
726 1695 795 1791 ipse
831 1695 959 1787 cogitur
1001 1690 1165 1790 judicium
1212 1690 1394 1788 suscipere,
1441 1691 1503 1759 nisi

428 1807 521 1862 autea
556 1793 674 1887 prioris
711 1789 777 1862 litis
805 1815 956 1886 expeusae
990 1789 1156 1861 solvantur
1189 1787 1256 1885 (l).
1299 1787 1397 1860 Nunc
1435 1785 1503 1857 sere

429 1913 542 1960 omnes
574 1915 613 1960 eo
647 1890 723 1984 jure
764 1901 923 1976 utuntur,
959 1902 997 1957 ut
1035 1913 1111 1958 reus
1146 1901 1222 1958 unte
1255 1900 1388 1982 tempus
1426 1906 1503 1956 cou-

428 2002 584 2074 venturn‚
618 1999 747 2054 tautum
778 2010 797 2053 a
828 1982 946 2082 judicii
985 1983 1210 2056 observatione
1245 1982 1428 2073 liberetur,
1471 1998 1505 2055 et

410 2098 518 2168 „actor
553 2081 687 2179 quidem
727 2083 761 2150 in
796 2079 861 2151 litis
892 2107 1048 2177 expensas
1076 2080 1337 2168 condemnetur3
1376 2080 1433 2153 sed
1475 2085 1505 2151 ei

430 2197 542 2250 tamen
576 2182 743 2273 integrum
780 2181 821 2250 ait
853 2205 947 2250 reum
984 2181 1019 2250 iu
1057 2179 1222 2278 judicium
1255 2203 1391 2268 vocare,
1427 2203 1504 2251 cum

428 2279 574 2373 primunr
608 2276 814 2371 obligationis
851 2277 939 2349 diem
973 2280 1097 2348 venisse
1132 2292 1270 2350 constat.
1313 2277 1352 2348 ln
1389 2278 1506 2348 ceteris

429 2373 618 2473 hujusmodi
653 2374 865 2470 petitionibus
894 2399 952 2446 reo
981 2375 1057 2446 licet
1089 2373 1208 2448 offerre
1238 2373 1313 2471 plus
1345 2376 1503 2469 petenti,

430 2473 520 2569 quod
551 2499 585 2545 se
623 2471 742 2544 debere
775 2472 975 2564 censet3‚id
1007 2498 1083 2544 vero
1121 2475 1146 2543 si
1178 2497 1247 2544 uuu
1286 2474 1421 2569 accipiat
1455 2497 1506 2542 ac·

430 2585 504 2659 tor,
532 2595 641 2667 neque
672 2569 760 2640 aliud
784 2595 894 2642 revera
917 2569 1021 2669 judex
1049 2570 1163 2642 deberi
1190 2568 1365 2664 intelligit,
1391 2587 1503 2658 actor,

431 2670 479 2738 uti
503 2685 625 2740 temere
641 2668 787 2763 litigans,
817 2671 852 2738 iu
875 2693 1031 2765 expensas
1052 2667 1292 2742 condemnatur
1314 2667 1382 2764 (ᾖ).

470 2864 496 2943 (t
535 2868 609 2947 Cap.
625 2863 990 2950 ranicDapluapetition.

471 2948 501 3026 (2
535 2948 642 3009 Conicr
655 2950 798 3011 Vinnium
812 2949 844 3011 in
868 2949 968 3012 instit.
991 2946 1042 3012 tt.
1058 2952 1078 3011 t
1093 2950 1140 3012 tit.
1156 2950 1176 3011 6
1190 2946 1218 3030 S.
1235 2950 1271 3027 ὅ,
1288 2958 1319 3010 et
1333 2953 1459 3013 Voetum
1474 2949 1508 3010 in

434 3027 577 3091 Pundect.
591 3027 642 3093 tit.
657 3034 673 3094 b'
687 3031 760 3093 rior
776 3028 802 3113 S.
818 3033 871 3093 25.

482 3207 513 3307 ᾗ.
549 3210 624 3281 Vll.
671 3210 877 3285 Emendatur
924 3210 1093 3282 interdum
1140 3210 1290 3300 libellus,
1339 3212 1508 3283 interdum

434 3308 533 3376 etiam
563 3324 729 3395 mutatur3
761 3335 836 3379 cum
866 3307 1016 3379 videlicet
1044 3308 1172 3404 pridem
1206 3310 1354 3379 instituta
1382 3312 1508 3382 actione

434 3418 583 3493 retenta,
620 3404 744 3500 aliquid
783 3405 954 3502 adjicitur,
989 3420 1047 3477 aut
1087 3405 1288 3492 detrahiture
1339 3406 1390 3477 vel
1431 3432 1506 3478 cum

435 3502 542 3597 prima
580 3502 706 3573 actione
745 3501 933 3599 repudiata,
989 3529 1072 3575 nora
1115 3504 1310 3574 instituitur.
1360 3504 1408 3575 lta
1451 3507 1507 3601 qui

435 3622 497 3695 pro
515 3596 648 3687 decem,
684 3624 759 3695 quoe
783 3598 844 3671 sibi
873 3626 1028 3671 excausa
1060 3604 1167 3671 mutui
1194 3600 1306 3672 deberi
1338 3600 1445 3688 dixit,
1470 3627 1510 3673 ea

436 3694 551 3767 eadem
595 3695 650 3766 illa
701 3722 793 3769 causa
832 3700 917 3795 petit
959 3700 1097 3793 viginti,
1138 3697 1287 3770 libellum
1334 3698 1508 3786 emendat3

437 3808 701 3883 mutuantem,
735 3798 793 3892 qui
823 3796 985 3885 fundum,
1015 3821 1117 3893 quem
1148 3822 1188 3868 ex
1220 3812 1415 3868 testamento
1437 3822 1511 3963 pe·

437 3893 552 3981 tierat,
591 3889 743 3989 deinceps
783 3918 821 3963 er
861 3893 1018 3991 stipulatu
1066 3897 1160 3989 petit.
1206 3892 1394 3991 Utrumque
1463 3896 1510 3965 eri

437 4004 547 4085 potest
573 3990 671 4060 etiam
697 4007 771 4087 post
797 3988 888 4065 litem
912 4006 1123 4063 contestatam
1147 3990 1227 4089 (l);
1251 3992 1308 4063 sed
1344 3996 1402 4090 qui
1427 4015 1512 4062 con-

440 4102 554 4157 testata
588 4086 646 4158 lite
682 4090 843 4159 actionem
888 4104 1014 4176 mutat,
1051 4091 1168 4187 prioris
1200 4088 1317 4188 judicii
1358 4114 1512 4186 expensas

440 4182 562 4257 solvere
587 4184 703 4277 debet,
752 4204 786 4259 et
823 4210 946 4259 novum
982 4186 1060 4259 dare
1086 4185 1234 4258 libellum
1277 4210 1442 4284 novasque
1470 4187 1513 4256 ad
