<?xml version="1.0" encoding="UTF-8"?>
<!DOCTYPE html PUBLIC "-//W3C//DTD XHTML 1.0 Transitional//EN"
    "http://www.w3.org/TR/xhtml1/DTD/xhtml1-transitional.dtd">
<html xmlns="http://www.w3.org/1999/xhtml" xml:lang="en" lang="en">
 <head>
  <title>
</title>
<meta http-equiv="Content-Type" content="text/html;charset=utf-8" />
  <meta name='ocr-system' content='tesseract 3.04.00' />
  <meta name='ocr-capabilities' content='ocr_page ocr_carea ocr_par ocr_line ocrx_word'/>
</head>
<body>
  <div class='ocr_page' id='page_1' title='image "./institutionumca01devogoog_0070.png"; bbox 0 0 3575 5625; ppageno 0'>
   <div class='ocr_carea' id='block_1_1' title="bbox 441 463 857 796">
    <p class='ocr_par' dir='ltr' id='par_1_1' title="bbox 441 463 857 796">
     <span class='ocr_line' id='line_1_1' title="bbox 441 463 512 600; baseline 0 -13"><span class='ocrx_word' id='word_1_1' title='bbox 441 463 512 600; x_wconf 71' lang='grc'><strong><em>9</em></strong></span> 
     </span>
     <span class='ocr_line' id='line_1_2' title="bbox 660 725 857 796; baseline 0 -14"><span class='ocrx_word' id='word_1_2' title='bbox 660 725 857 796; x_wconf 66' lang='grc'>...59-</span> 
     </span>
    </p>
   </div>
   <div class='ocr_carea' id='block_1_2' title="bbox 217 871 1304 2045">
    <p class='ocr_par' dir='ltr' id='par_1_2' title="bbox 217 871 1304 2045">
     <span class='ocr_line' id='line_1_3' title="bbox 217 871 1298 973; baseline 0.004 -27"><span class='ocrx_word' id='word_1_3' title='bbox 217 876 396 973; x_wconf 81' lang='lat' dir='ltr'>expressit,</span> <span class='ocrx_word' id='word_1_4' title='bbox 435 897 503 972; x_wconf 90' lang='lat' dir='ltr'><strong>quo</strong></span> <span class='ocrx_word' id='word_1_5' title='bbox 535 871 689 946; x_wconf 81' lang='lat' dir='ltr'><strong>solvendo</strong></span> <span class='ocrx_word' id='word_1_6' title='bbox 723 876 860 970; x_wconf 79' lang='lat' dir='ltr'><strong>pecunie</strong></span> <span class='ocrx_word' id='word_1_7' title='bbox 887 889 957 962; x_wconf 84' lang='lat' dir='ltr'><strong>est,</strong></span> <span class='ocrx_word' id='word_1_8' title='bbox 997 874 1142 948; x_wconf 82' lang='lat' dir='ltr'><strong>islocus</strong></span> <span class='ocrx_word' id='word_1_9' title='bbox 1170 877 1298 950; x_wconf 88' lang='lat' dir='ltr'><strong>intelli·</strong></span> 
     </span>
     <span class='ocr_line' id='line_1_4' title="bbox 218 972 1300 1139; baseline 0.006 -97"><span class='ocrx_word' id='word_1_10' title='bbox 218 975 326 1066; x_wconf 85' lang='lat' dir='ltr'><strong>gitur,</strong></span> <span class='ocrx_word' id='word_1_11' title='bbox 360 973 398 1044; x_wconf 90' lang='lat' dir='ltr'><strong>in</strong></span> <span class='ocrx_word' id='word_1_12' title='bbox 434 996 504 1139; x_wconf 65' lang='lat' dir='ltr'><strong>puo</strong></span> <span class='ocrx_word' id='word_1_13' title='bbox 533 997 584 1043; x_wconf 84' lang='lat' dir='ltr'><strong>res</strong></span> <span class='ocrx_word' id='word_1_14' title='bbox 619 987 708 1068; x_wconf 73' lang='lat' dir='ltr'><strong>gestu</strong></span> <span class='ocrx_word' id='word_1_15' title='bbox 739 990 788 1044; x_wconf 82' lang='lat' dir='ltr'><strong>est</strong></span> <span class='ocrx_word' id='word_1_16' title='bbox 815 972 894 1068; x_wconf 67' lang='lat'><strong>(2);</strong></span> <span class='ocrx_word' id='word_1_17' title='bbox 932 973 959 1041; x_wconf 87' lang='lat' dir='ltr'><strong>si</strong></span> <span class='ocrx_word' id='word_1_18' title='bbox 988 976 1160 1070; x_wconf 73' lang='lat' dir='ltr'><strong>expressit,</strong></span> <span class='ocrx_word' id='word_1_19' title='bbox 1195 979 1231 1046; x_wconf 87' lang='lat' dir='ltr'><strong>in</strong></span> <span class='ocrx_word' id='word_1_20' title='bbox 1259 1001 1300 1049; x_wconf 89' lang='lat' dir='ltr'><strong>eo</strong></span> 
     </span>
     <span class='ocr_line' id='line_1_5' title="bbox 218 1069 1294 1171; baseline 0.005 -31"><span class='ocrx_word' id='word_1_21' title='bbox 218 1072 311 1160; x_wconf 85' lang='lat' dir='ltr'><strong>loco,</strong></span> <span class='ocrx_word' id='word_1_22' title='bbox 348 1072 406 1166; x_wconf 89' lang='lat' dir='ltr'><strong>qui</strong></span> <span class='ocrx_word' id='word_1_23' title='bbox 458 1073 620 1166; x_wconf 71' lang='lat' dir='ltr'><strong>esignmus</strong></span> <span class='ocrx_word' id='word_1_24' title='bbox 654 1087 721 1159; x_wconf 87' lang='lat' dir='ltr'><strong>est,</strong></span> <span class='ocrx_word' id='word_1_25' title='bbox 757 1069 921 1168; x_wconf 88' lang='lat' dir='ltr'><strong>judicium</strong></span> <span class='ocrx_word' id='word_1_26' title='bbox 953 1095 1047 1166; x_wconf 76' lang='lat' dir='ltr'><strong>ogere</strong></span> <span class='ocrx_word' id='word_1_27' title='bbox 1072 1087 1202 1170; x_wconf 79' lang='lat' dir='ltr'>oportet</span> <span class='ocrx_word' id='word_1_28' title='bbox 1227 1074 1294 1171; x_wconf 76' lang='grc' dir='ltr'>(ὅ).</span> 
     </span>
     <span class='ocr_line' id='line_1_6' title="bbox 218 1165 1299 1265; baseline 0.005 -27"><span class='ocrx_word' id='word_1_29' title='bbox 218 1165 319 1252; x_wconf 82' lang='lat' dir='ltr'><strong>Quod</strong></span> <span class='ocrx_word' id='word_1_30' title='bbox 353 1170 446 1258; x_wconf 88' lang='lat' dir='ltr'><strong>siis,</strong></span> <span class='ocrx_word' id='word_1_31' title='bbox 470 1171 527 1265; x_wconf 92' lang='lat' dir='ltr'><strong>qui</strong></span> <span class='ocrx_word' id='word_1_32' title='bbox 559 1183 649 1240; x_wconf 86' lang='lat' dir='ltr'><strong>certo</strong></span> <span class='ocrx_word' id='word_1_33' title='bbox 670 1166 742 1240; x_wconf 88' lang='lat' dir='ltr'><strong>loco</strong></span> <span class='ocrx_word' id='word_1_34' title='bbox 764 1165 888 1240; x_wconf 79' lang='lat' dir='ltr'><strong>solvere</strong></span> <span class='ocrx_word' id='word_1_35' title='bbox 910 1171 1078 1265; x_wconf 79' lang='lat' dir='ltr'><strong>promisit,</strong></span> <span class='ocrx_word' id='word_1_36' title='bbox 1110 1167 1151 1238; x_wconf 84' lang='lat' dir='ltr'><strong>ud</strong></span> <span class='ocrx_word' id='word_1_37' title='bbox 1189 1167 1299 1243; x_wconf 87' lang='lat' dir='ltr'><strong>locum</strong></span> 
     </span>
     <span class='ocr_line' id='line_1_7' title="bbox 219 1263 1299 1364; baseline 0.005 -29"><span class='ocrx_word' id='word_1_38' title='bbox 219 1290 289 1338; x_wconf 93' lang='lat' dir='ltr'><strong>non</strong></span> <span class='ocrx_word' id='word_1_39' title='bbox 321 1265 476 1355; x_wconf 81' lang='lat' dir='ltr'><strong>secedet,</strong></span> <span class='ocrx_word' id='word_1_40' title='bbox 513 1265 604 1364; x_wconf 89' lang='lat' dir='ltr'><strong>quod</strong></span> <span class='ocrx_word' id='word_1_41' title='bbox 637 1264 686 1337; x_wconf 81' lang='lat' dir='ltr'><strong>vel</strong></span> <span class='ocrx_word' id='word_1_42' title='bbox 719 1263 793 1337; x_wconf 77' lang='lat' dir='ltr'><strong>duta</strong></span> <span class='ocrx_word' id='word_1_43' title='bbox 831 1291 931 1362; x_wconf 83' lang='lat' dir='ltr'><strong>opero</strong></span> <span class='ocrx_word' id='word_1_44' title='bbox 978 1265 1074 1355; x_wconf 82' lang='lat' dir='ltr'><strong>lucit,</strong></span> <span class='ocrx_word' id='word_1_45' title='bbox 1111 1265 1162 1337; x_wconf 83' lang='lat' dir='ltr'><strong>rel</strong></span> <span class='ocrx_word' id='word_1_46' title='bbox 1207 1269 1299 1364; x_wconf 91' lang='lat' dir='ltr'><strong>quod</strong></span> 
     </span>
     <span class='ocr_line' id='line_1_8' title="bbox 218 1361 1300 1460; baseline 0.005 -28"><span class='ocrx_word' id='word_1_47' title='bbox 218 1361 296 1433; x_wconf 79' lang='lat' dir='ltr'><strong>alibi</strong></span> <span class='ocrx_word' id='word_1_48' title='bbox 329 1365 508 1436; x_wconf 78' lang='lat' dir='ltr'><strong>necessario</strong></span> <span class='ocrx_word' id='word_1_49' title='bbox 534 1364 719 1453; x_wconf 72' lang='lat' dir='ltr'><strong>detinetur,</strong></span> <span class='ocrx_word' id='word_1_50' title='bbox 752 1366 931 1460; x_wconf 79' lang='lat' dir='ltr'><strong>compositu</strong></span> <span class='ocrx_word' id='word_1_51' title='bbox 960 1379 1008 1436; x_wconf 82' lang='lat' dir='ltr'><strong>est</strong></span> <span class='ocrx_word' id='word_1_52' title='bbox 1048 1366 1084 1434; x_wconf 89' lang='lat' dir='ltr'><strong>in</strong></span> <span class='ocrx_word' id='word_1_53' title='bbox 1124 1388 1196 1434; x_wconf 83' lang='lat' dir='ltr'><strong>com</strong></span> <span class='ocrx_word' id='word_1_54' title='bbox 1228 1392 1300 1437; x_wconf 90' lang='lat' dir='ltr'><strong>rem</strong></span> 
     </span>
     <span class='ocr_line' id='line_1_9' title="bbox 220 1459 1302 1559; baseline 0.003 -28"><span class='ocrx_word' id='word_1_55' title='bbox 220 1461 310 1532; x_wconf 83' lang='lat' dir='ltr'><strong>utilis</strong></span> <span class='ocrx_word' id='word_1_56' title='bbox 340 1463 426 1533; x_wconf 80' lang='lat' dir='ltr'><strong>actio</strong></span> <span class='ocrx_word' id='word_1_57' title='bbox 454 1460 496 1532; x_wconf 88' lang='lat' dir='ltr'><strong>de</strong></span> <span class='ocrx_word' id='word_1_58' title='bbox 525 1485 583 1550; x_wconf 87' lang='lat' dir='ltr'><strong>eo,</strong></span> <span class='ocrx_word' id='word_1_59' title='bbox 613 1459 704 1558; x_wconf 89' lang='lat' dir='ltr'><strong>quod</strong></span> <span class='ocrx_word' id='word_1_60' title='bbox 735 1477 825 1533; x_wconf 89' lang='lat' dir='ltr'><strong>certo</strong></span> <span class='ocrx_word' id='word_1_61' title='bbox 861 1459 934 1533; x_wconf 92' lang='lat' dir='ltr'><strong>loco</strong></span> <span class='ocrx_word' id='word_1_62' title='bbox 961 1461 1039 1558; x_wconf 62' lang='grc' dir='ltr'><strong>(ὓς</strong></span> <span class='ocrx_word' id='word_1_63' title='bbox 1076 1485 1141 1559; x_wconf 81' lang='lat' dir='ltr'><strong>quo</strong></span> <span class='ocrx_word' id='word_1_64' title='bbox 1175 1465 1302 1534; x_wconf 84' lang='lat' dir='ltr'><strong>notione</strong></span> 
     </span>
     <span class='ocr_line' id='line_1_10' title="bbox 220 1557 1302 1656; baseline 0.002 -26"><span class='ocrx_word' id='word_1_65' title='bbox 220 1574 329 1650; x_wconf 82' lang='lat' dir='ltr'><strong>octor,</strong></span> <span class='ocrx_word' id='word_1_66' title='bbox 355 1561 408 1630; x_wconf 89' lang='lat' dir='ltr'><strong>oui</strong></span> <span class='ocrx_word' id='word_1_67' title='bbox 440 1557 521 1656; x_wconf 88' lang='lat' dir='ltr'><strong>qnid</strong></span> <span class='ocrx_word' id='word_1_68' title='bbox 547 1575 637 1631; x_wconf 87' lang='lat' dir='ltr'><strong>certo</strong></span> <span class='ocrx_word' id='word_1_69' title='bbox 663 1557 735 1632; x_wconf 89' lang='lat' dir='ltr'><strong>loeo</strong></span> <span class='ocrx_word' id='word_1_70' title='bbox 768 1559 967 1656; x_wconf 87' lang='lat' dir='ltr'><strong>promissum</strong></span> <span class='ocrx_word' id='word_1_71' title='bbox 1000 1575 1070 1649; x_wconf 88' lang='lat' dir='ltr'><strong>est,</strong></span> <span class='ocrx_word' id='word_1_72' title='bbox 1096 1583 1158 1630; x_wconf 89' lang='lat' dir='ltr'><strong>nec</strong></span> <span class='ocrx_word' id='word_1_73' title='bbox 1189 1575 1302 1632; x_wconf 82' lang='lat' dir='ltr'><strong>temen</strong></span> 
     </span>
     <span class='ocr_line' id='line_1_11' title="bbox 221 1655 1302 1756; baseline 0.004 -31"><span class='ocrx_word' id='word_1_74' title='bbox 221 1655 359 1746; x_wconf 79' lang='lat' dir='ltr'><strong>datum,</strong></span> <span class='ocrx_word' id='word_1_75' title='bbox 394 1656 457 1728; x_wconf 82' lang='lat' dir='ltr'><strong>alio</strong></span> <span class='ocrx_word' id='word_1_76' title='bbox 498 1659 597 1728; x_wconf 79' lang='lat' dir='ltr'><strong>etium</strong></span> <span class='ocrx_word' id='word_1_77' title='bbox 631 1655 704 1728; x_wconf 85' lang='lat' dir='ltr'><strong>loeo</strong></span> <span class='ocrx_word' id='word_1_78' title='bbox 732 1656 897 1756; x_wconf 87' lang='lat' dir='ltr'><strong>judicium</strong></span> <span class='ocrx_word' id='word_1_79' title='bbox 930 1672 1058 1728; x_wconf 75' lang='lat' dir='ltr'><strong>exercet</strong></span> <span class='ocrx_word' id='word_1_80' title='bbox 1090 1655 1169 1752; x_wconf 68' lang='lat'><strong>(5),</strong></span> <span class='ocrx_word' id='word_1_81' title='bbox 1200 1657 1302 1729; x_wconf 91' lang='lat' dir='ltr'><strong>modo</strong></span> 
     </span>
     <span class='ocr_line' id='line_1_12' title="bbox 221 1752 1301 1854; baseline 0.005 -32"><span class='ocrx_word' id='word_1_82' title='bbox 221 1753 360 1825; x_wconf 88' lang='lat' dir='ltr'><strong>idoneus</strong></span> <span class='ocrx_word' id='word_1_83' title='bbox 394 1770 428 1824; x_wconf 90' lang='lat' dir='ltr'><strong>et</strong></span> <span class='ocrx_word' id='word_1_84' title='bbox 458 1752 621 1850; x_wconf 79' lang='lat' dir='ltr'><strong>legitimus</strong></span> <span class='ocrx_word' id='word_1_85' title='bbox 650 1752 753 1826; x_wconf 88' lang='lat' dir='ltr'><strong>locus.</strong></span> <span class='ocrx_word' id='word_1_86' title='bbox 777 1757 839 1842; x_wconf 85' lang='lat' dir='ltr'><strong>sit,</strong></span> <span class='ocrx_word' id='word_1_87' title='bbox 881 1757 908 1824; x_wconf 86' lang='lat' dir='ltr'><strong>is</strong></span> <span class='ocrx_word' id='word_1_88' title='bbox 948 1753 1117 1843; x_wconf 82' lang='lat' dir='ltr'><strong>videlicet,</strong></span> <span class='ocrx_word' id='word_1_89' title='bbox 1149 1755 1185 1825; x_wconf 93' lang='lat' dir='ltr'><strong>iu</strong></span> <span class='ocrx_word' id='word_1_90' title='bbox 1213 1781 1301 1854; x_wconf 86' lang='lat' dir='ltr'><strong>quo,</strong></span> 
     </span>
     <span class='ocr_line' id='line_1_13' title="bbox 221 1851 1304 1946; baseline 0.003 -24"><span class='ocrx_word' id='word_1_91' title='bbox 221 1876 293 1923; x_wconf 92' lang='lat' dir='ltr'><strong>non</strong></span> <span class='ocrx_word' id='word_1_92' title='bbox 315 1851 378 1923; x_wconf 81' lang='lat' dir='ltr'><strong>alio</strong></span> <span class='ocrx_word' id='word_1_93' title='bbox 402 1851 569 1946; x_wconf 78' lang='lat' dir='ltr'><strong>designato</strong></span> <span class='ocrx_word' id='word_1_94' title='bbox 599 1851 692 1940; x_wconf 84' lang='lat' dir='ltr'><strong>loco,</strong></span> <span class='ocrx_word' id='word_1_95' title='bbox 725 1877 798 1922; x_wconf 90' lang='lat' dir='ltr'><strong>reus</strong></span> <span class='ocrx_word' id='word_1_96' title='bbox 826 1868 884 1922; x_wconf 82' lang='lat' dir='ltr'><strong>out</strong></span> <span class='ocrx_word' id='word_1_97' title='bbox 919 1868 1125 1944; x_wconf 77' lang='lat' dir='ltr'><strong>contractus,</strong></span> <span class='ocrx_word' id='word_1_98' title='bbox 1154 1867 1211 1922; x_wconf 87' lang='lat' dir='ltr'><strong>out</strong></span> <span class='ocrx_word' id='word_1_99' title='bbox 1240 1852 1304 1925; x_wconf 93' lang='lat' dir='ltr'><strong>do-</strong></span> 
     </span>
     <span class='ocr_line' id='line_1_14' title="bbox 220 1947 936 2045; baseline -0.003 -25"><span class='ocrx_word' id='word_1_100' title='bbox 220 1947 334 2020; x_wconf 88' lang='lat' dir='ltr'><strong>micilii</strong></span> <span class='ocrx_word' id='word_1_101' title='bbox 362 1975 454 2020; x_wconf 76' lang='lat' dir='ltr'><strong>muso</strong></span> <span class='ocrx_word' id='word_1_102' title='bbox 481 1951 645 2021; x_wconf 79' lang='lat' dir='ltr'><strong>conveniri</strong></span> <span class='ocrx_word' id='word_1_103' title='bbox 677 1949 842 2022; x_wconf 82' lang='lat' dir='ltr'><strong>debuisset</strong></span> <span class='ocrx_word' id='word_1_104' title='bbox 869 1949 936 2045; x_wconf 79' lang='lat'><strong>(6).</strong></span> 
     </span>
    </p>
   </div>
   <div class='ocr_carea' id='block_1_3' title="bbox 222 2131 1301 2786">
    <p class='ocr_par' dir='ltr' id='par_1_3' title="bbox 222 2131 1301 2298">
     <span class='ocr_line' id='line_1_15' title="bbox 263 2131 1301 2219; baseline 0.006 -27"><span class='ocrx_word' id='word_1_105' title='bbox 263 2131 306 2212; x_wconf 83' lang='lat' dir='ltr'><strong>(l)</strong></span> <span class='ocrx_word' id='word_1_106' title='bbox 326 2131 362 2194; x_wconf 82' lang='lat' dir='ltr'><strong>t.</strong></span> <span class='ocrx_word' id='word_1_107' title='bbox 392 2135 430 2196; x_wconf 75' lang='grc'><strong>19</strong></span> <span class='ocrx_word' id='word_1_108' title='bbox 451 2131 477 2214; x_wconf 91' lang='grc'><strong>8.</strong></span> <span class='ocrx_word' id='word_1_109' title='bbox 501 2135 541 2212; x_wconf 74' lang='grc'><strong>4,·</strong></span> <span class='ocrx_word' id='word_1_110' title='bbox 560 2133 650 2197; x_wconf 68' lang='grc' dir='ltr'><strong>ΗΟ</strong></span> <span class='ocrx_word' id='word_1_111' title='bbox 672 2143 701 2196; x_wconf 87' lang='lat' dir='ltr'><strong>et</strong></span> <span class='ocrx_word' id='word_1_112' title='bbox 722 2132 819 2219; x_wconf 71' lang='lat' dir='ltr'><strong>ldff.</strong></span> <span class='ocrx_word' id='word_1_113' title='bbox 845 2131 1025 2212; x_wconf 74' lang='lat' dir='ltr'><strong>deludie.‚·</strong></span> <span class='ocrx_word' id='word_1_114' title='bbox 1048 2151 1115 2219; x_wconf 83' lang='lat' dir='ltr'><strong>cop.</strong></span> <span class='ocrx_word' id='word_1_115' title='bbox 1139 2137 1154 2195; x_wconf 86' lang='lat' dir='ltr'><strong>l</strong></span> <span class='ocrx_word' id='word_1_116' title='bbox 1180 2134 1301 2217; x_wconf 68' lang='lat' dir='ltr'><strong>§.dde</strong></span> 
     </span>
     <span class='ocr_line' id='line_1_16' title="bbox 222 2216 571 2298; baseline 0 -22"><span class='ocrx_word' id='word_1_117' title='bbox 222 2217 295 2277; x_wconf 82' lang='lat' dir='ltr'><strong>For.</strong></span> <span class='ocrx_word' id='word_1_118' title='bbox 315 2225 475 2298; x_wconf 68' lang='lat' dir='ltr'><strong>competet.</strong></span> <span class='ocrx_word' id='word_1_119' title='bbox 492 2217 526 2276; x_wconf 80' lang='lat' dir='ltr'><strong>iu</strong></span> <span class='ocrx_word' id='word_1_120' title='bbox 541 2216 571 2277; x_wconf 82' lang='grc'><strong>6.</strong></span> 
     </span>
    </p>

    <p class='ocr_par' dir='ltr' id='par_1_4' title="bbox 262 2293 951 2379">
     <span class='ocr_line' id='line_1_17' title="bbox 262 2293 951 2379; baseline 0.001 -22"><span class='ocrx_word' id='word_1_121' title='bbox 262 2297 295 2378; x_wconf 75' lang='lat'><strong>(2</strong></span> <span class='ocrx_word' id='word_1_122' title='bbox 330 2297 386 2358; x_wconf 81' lang='lat' dir='ltr'><strong>Cit.</strong></span> <span class='ocrx_word' id='word_1_123' title='bbox 403 2298 437 2358; x_wconf 78' lang='lat' dir='ltr'><strong>t.</strong></span> <span class='ocrx_word' id='word_1_124' title='bbox 455 2299 494 2359; x_wconf 81' lang='grc'><strong>19</strong></span> <span class='ocrx_word' id='word_1_125' title='bbox 527 2297 681 2374; x_wconf 77' lang='lat' dir='ltr'><strong>.t‚ert.</strong></span> <span class='ocrx_word' id='word_1_126' title='bbox 698 2296 784 2379; x_wconf 59' lang='lat' dir='ltr'><strong>diff.</strong></span> <span class='ocrx_word' id='word_1_127' title='bbox 802 2293 951 2359; x_wconf 77' lang='lat' dir='ltr'><strong>deludis.</strong></span> 
     </span>
    </p>

    <p class='ocr_par' dir='ltr' id='par_1_5' title="bbox 222 2377 1300 2544">
     <span class='ocr_line' id='line_1_18' title="bbox 263 2377 1300 2521; baseline 0.002 -81"><span class='ocrx_word' id='word_1_128' title='bbox 263 2379 294 2458; x_wconf 79' lang='lat'><strong>(5</strong></span> <span class='ocrx_word' id='word_1_129' title='bbox 326 2379 362 2440; x_wconf 81' lang='lat' dir='ltr'><strong>t.</strong></span> <span class='ocrx_word' id='word_1_130' title='bbox 388 2377 466 2521; x_wconf 53' lang='lat' dir='ltr'><strong>«opi.</strong></span> <span class='ocrx_word' id='word_1_131' title='bbox 548 2383 627 2440; x_wconf 80' lang='lat' dir='ltr'><strong>Bou.</strong></span> <span class='ocrx_word' id='word_1_132' title='bbox 653 2387 768 2442; x_wconf 75' lang='lat' dir='ltr'><strong>auctor.</strong></span> <span class='ocrx_word' id='word_1_133' title='bbox 787 2377 860 2462; x_wconf 84' lang='lat' dir='ltr'><strong>jud.</strong></span> <span class='ocrx_word' id='word_1_134' title='bbox 889 2377 1081 2461; x_wconf 65' lang='lat' dir='ltr'><strong>poium..</strong></span> <span class='ocrx_word' id='word_1_135' title='bbox 1104 2381 1144 2442; x_wconf 77' lang='lat' dir='ltr'><strong>to</strong></span> <span class='ocrx_word' id='word_1_136' title='bbox 1170 2377 1198 2462; x_wconf 92' lang='grc'><strong>8.</strong></span> <span class='ocrx_word' id='word_1_137' title='bbox 1224 2377 1300 2456; x_wconf 68' lang='lat' dir='ltr'><strong>ult,</strong></span> 
     </span>
     <span class='ocr_line' id='line_1_19' title="bbox 222 2457 1013 2544; baseline 0 -22"><span class='ocrx_word' id='word_1_138' title='bbox 222 2459 401 2543; x_wconf 72' lang='lat' dir='ltr'><strong>etMOff.</strong></span> <span class='ocrx_word' id='word_1_139' title='bbox 438 2457 864 2544; x_wconf 54' lang='lat' dir='ltr'><strong>eludieqbdofflerlet.</strong></span> <span class='ocrx_word' id='word_1_140' title='bbox 884 2459 1013 2544; x_wconf 69' lang='lat' dir='ltr'><strong>etodlt&#39;p.</strong></span> 
     </span>
    </p>

    <p class='ocr_par' dir='ltr' id='par_1_6' title="bbox 264 2539 814 2624">
     <span class='ocr_line' id='line_1_20' title="bbox 264 2539 814 2624; baseline 0.005 -23"><span class='ocrx_word' id='word_1_141' title='bbox 264 2541 307 2624; x_wconf 85' lang='lat' dir='ltr'><strong>(t)</strong></span> <span class='ocrx_word' id='word_1_142' title='bbox 328 2543 364 2602; x_wconf 84' lang='lat' dir='ltr'><strong>L.</strong></span> <span class='ocrx_word' id='word_1_143' title='bbox 384 2539 501 2624; x_wconf 65' lang='grc' dir='ltr'><strong>ΗΜ»</strong></span> <span class='ocrx_word' id='word_1_144' title='bbox 513 2544 558 2604; x_wconf 82' lang='grc' dir='ltr'><strong>Εο</strong></span> <span class='ocrx_word' id='word_1_145' title='bbox 591 2539 653 2603; x_wconf 80' lang='lat' dir='ltr'><strong>uod</strong></span> <span class='ocrx_word' id='word_1_146' title='bbox 666 2550 737 2604; x_wconf 86' lang='lat' dir='ltr'><strong>cert.</strong></span> <span class='ocrx_word' id='word_1_147' title='bbox 758 2539 814 2604; x_wconf 85' lang='lat' dir='ltr'><strong>loc.</strong></span> 
     </span>
    </p>

    <p class='ocr_par' dir='ltr' id='par_1_7' title="bbox 261 2621 1161 2786">
     <span class='ocr_line' id='line_1_21' title="bbox 261 2621 1161 2786; baseline 0 -102"><span class='ocrx_word' id='word_1_148' title='bbox 261 2626 294 2786; x_wconf 68' lang='grc'><strong>85</strong></span> <span class='ocrx_word' id='word_1_149' title='bbox 328 2623 434 2686; x_wconf 79' lang='lat' dir='ltr'><strong>Confer</strong></span> <span class='ocrx_word' id='word_1_150' title='bbox 447 2623 567 2684; x_wconf 87' lang='lat' dir='ltr'><strong>titulum</strong></span> <span class='ocrx_word' id='word_1_151' title='bbox 606 2623 796 2684; x_wconf 83' lang='lat' dir='ltr'><strong>undecturum</strong></span> <span class='ocrx_word' id='word_1_152' title='bbox 811 2621 848 2685; x_wconf 86' lang='lat' dir='ltr'><strong>de</strong></span> <span class='ocrx_word' id='word_1_153' title='bbox 859 2627 905 2686; x_wconf 81' lang='lat' dir='ltr'><strong>Eo</strong></span> <span class='ocrx_word' id='word_1_154' title='bbox 916 2621 999 2708; x_wconf 81' lang='lat' dir='ltr'><strong>quod</strong></span> <span class='ocrx_word' id='word_1_155' title='bbox 1015 2632 1085 2686; x_wconf 85' lang='lat' dir='ltr'><strong>cert.</strong></span> <span class='ocrx_word' id='word_1_156' title='bbox 1105 2621 1161 2685; x_wconf 82' lang='lat' dir='ltr'><strong>loc.</strong></span> 
     </span>
    </p>
   </div>
   <div class='ocr_carea' id='block_1_4' title="bbox 220 2703 1304 2953">
    <p class='ocr_par' dir='ltr' id='par_1_8' title="bbox 220 2703 1304 2953">
     <span class='ocr_line' id='line_1_22' title="bbox 328 2703 1304 2788; baseline 0.002 -22"><span class='ocrx_word' id='word_1_157' title='bbox 328 2709 362 2766; x_wconf 91' lang='lat' dir='ltr'><strong>ln</strong></span> <span class='ocrx_word' id='word_1_158' title='bbox 377 2705 454 2765; x_wconf 83' lang='lat' dir='ltr'><strong>hunc</strong></span> <span class='ocrx_word' id='word_1_159' title='bbox 466 2705 641 2765; x_wconf 80' lang='lat' dir='ltr'><strong>sententium</strong></span> <span class='ocrx_word' id='word_1_160' title='bbox 656 2707 763 2784; x_wconf 87' lang='lat' dir='ltr'><strong>scriptu</strong></span> <span class='ocrx_word' id='word_1_161' title='bbox 785 2714 828 2766; x_wconf 87' lang='lat' dir='ltr'><strong>est</strong></span> <span class='ocrx_word' id='word_1_162' title='bbox 849 2705 884 2766; x_wconf 82' lang='lat' dir='ltr'><strong>t.</strong></span> <span class='ocrx_word' id='word_1_163' title='bbox 908 2705 998 2788; x_wconf 74' lang='lat' dir='ltr'><strong>¹⁹ff·</strong></span> <span class='ocrx_word' id='word_1_164' title='bbox 1018 2703 1054 2767; x_wconf 86' lang='lat' dir='ltr'><strong>de</strong></span> <span class='ocrx_word' id='word_1_165' title='bbox 1074 2704 1193 2783; x_wconf 69' lang='lat' dir='ltr'><strong>ludim,</strong></span> <span class='ocrx_word' id='word_1_166' title='bbox 1216 2712 1304 2786; x_wconf 87' lang='lat' dir='ltr'><strong>utque</strong></span> 
     </span>
     <span class='ocr_line' id='line_1_23' title="bbox 220 2785 1302 2868; baseline 0.002 -19"><span class='ocrx_word' id='word_1_167' title='bbox 220 2789 252 2849; x_wconf 91' lang='lat' dir='ltr'><strong>in</strong></span> <span class='ocrx_word' id='word_1_168' title='bbox 273 2787 352 2849; x_wconf 89' lang='lat' dir='ltr'><strong>hunc</strong></span> <span class='ocrx_word' id='word_1_169' title='bbox 373 2787 506 2848; x_wconf 87' lang='lat' dir='ltr'><strong>eumdem</strong></span> <span class='ocrx_word' id='word_1_170' title='bbox 528 2787 704 2849; x_wconf 84' lang='lat' dir='ltr'><strong>sententium</strong></span> <span class='ocrx_word' id='word_1_171' title='bbox 723 2789 868 2849; x_wconf 80' lang='lat' dir='ltr'><strong>actionem</strong></span> <span class='ocrx_word' id='word_1_172' title='bbox 892 2785 931 2848; x_wconf 88' lang='lat' dir='ltr'><strong>de</strong></span> <span class='ocrx_word' id='word_1_173' title='bbox 952 2805 1003 2861; x_wconf 90' lang='lat' dir='ltr'><strong>eo,</strong></span> <span class='ocrx_word' id='word_1_174' title='bbox 1023 2787 1104 2867; x_wconf 88' lang='lat' dir='ltr'><strong>quod</strong></span> <span class='ocrx_word' id='word_1_175' title='bbox 1123 2796 1203 2851; x_wconf 83' lang='lat' dir='ltr'><strong>corto</strong></span> <span class='ocrx_word' id='word_1_176' title='bbox 1222 2788 1302 2868; x_wconf 86' lang='lat' dir='ltr'><strong>loco,</strong></span> 
     </span>
     <span class='ocr_line' id='line_1_24' title="bbox 220 2867 1052 2953; baseline 0 -21"><span class='ocrx_word' id='word_1_177' title='bbox 220 2873 277 2932; x_wconf 77' lang='lat' dir='ltr'><strong>lus</strong></span> <span class='ocrx_word' id='word_1_178' title='bbox 291 2870 464 2931; x_wconf 76' lang='lat' dir='ltr'><strong>canonicum</strong></span> <span class='ocrx_word' id='word_1_179' title='bbox 480 2870 592 2949; x_wconf 83' lang='lat' dir='ltr'><strong>recepit</strong></span> <span class='ocrx_word' id='word_1_180' title='bbox 604 2888 673 2952; x_wconf 84' lang='lat' dir='ltr'><strong>cop.</strong></span> <span class='ocrx_word' id='word_1_181' title='bbox 695 2872 731 2930; x_wconf 84' lang='lat' dir='ltr'><strong>t7</strong></span> <span class='ocrx_word' id='word_1_182' title='bbox 743 2867 778 2931; x_wconf 84' lang='lat' dir='ltr'><strong>de</strong></span> <span class='ocrx_word' id='word_1_183' title='bbox 791 2871 862 2931; x_wconf 84' lang='lat' dir='ltr'><strong>For.</strong></span> <span class='ocrx_word' id='word_1_184' title='bbox 879 2878 1052 2953; x_wconf 69' lang='lat' dir='ltr'><strong>conpeteret.</strong></span> 
     </span>
    </p>
   </div>
   <div class='ocr_carea' id='block_1_5' title="bbox 214 3022 1319 4389">
    <p class='ocr_par' dir='ltr' id='par_1_9' title="bbox 214 3022 1319 4389">
     <span class='ocr_line' id='line_1_25' title="bbox 269 3022 1304 3125; baseline 0.003 -30"><span class='ocrx_word' id='word_1_185' title='bbox 269 3022 301 3125; x_wconf 78' lang='grc'><strong>8.</strong></span> <span class='ocrx_word' id='word_1_186' title='bbox 331 3022 410 3095; x_wconf 88' lang='lat' dir='ltr'><strong>XX.</strong></span> <span class='ocrx_word' id='word_1_187' title='bbox 438 3022 553 3096; x_wconf 87' lang='lat' dir='ltr'><strong>Delicti</strong></span> <span class='ocrx_word' id='word_1_188' title='bbox 586 3050 693 3113; x_wconf 79' lang='lat' dir='ltr'><strong>ceusu,</strong></span> <span class='ocrx_word' id='word_1_189' title='bbox 721 3023 777 3094; x_wconf 89' lang='lat' dir='ltr'><strong>ubi</strong></span> <span class='ocrx_word' id='word_1_190' title='bbox 802 3026 875 3123; x_wconf 88' lang='lat' dir='ltr'><strong>quis</strong></span> <span class='ocrx_word' id='word_1_191' title='bbox 902 3023 1062 3121; x_wconf 73' lang='lat' dir='ltr'><strong>deliquit,</strong></span> <span class='ocrx_word' id='word_1_192' title='bbox 1095 3024 1142 3094; x_wconf 89' lang='lat' dir='ltr'><strong>ibi</strong></span> <span class='ocrx_word' id='word_1_193' title='bbox 1177 3024 1304 3122; x_wconf 87' lang='lat' dir='ltr'><strong>judicio</strong></span> 
     </span>
     <span class='ocr_line' id='line_1_26' title="bbox 219 3121 1305 3220; baseline 0 -27"><span class='ocrx_word' id='word_1_194' title='bbox 219 3126 256 3195; x_wconf 91' lang='lat' dir='ltr'><strong>in</strong></span> <span class='ocrx_word' id='word_1_195' title='bbox 290 3148 462 3220; x_wconf 83' lang='lat' dir='ltr'><strong>personum</strong></span> <span class='ocrx_word' id='word_1_196' title='bbox 497 3124 701 3194; x_wconf 79' lang='lat' dir='ltr'><strong>convenitur.</strong></span> <span class='ocrx_word' id='word_1_197' title='bbox 736 3122 820 3194; x_wconf 83' lang='lat' dir='ltr'><strong>Nam</strong></span> <span class='ocrx_word' id='word_1_198' title='bbox 863 3121 920 3192; x_wconf 89' lang='lat' dir='ltr'><strong>ubi</strong></span> <span class='ocrx_word' id='word_1_199' title='bbox 954 3124 1080 3193; x_wconf 87' lang='lat' dir='ltr'><strong>crimen</strong></span> <span class='ocrx_word' id='word_1_200' title='bbox 1108 3136 1158 3191; x_wconf 89' lang='lat' dir='ltr'><strong>est</strong></span> <span class='ocrx_word' id='word_1_201' title='bbox 1193 3137 1305 3217; x_wconf 80' lang='lat' dir='ltr'><strong>potro-</strong></span> 
     </span>
     <span class='ocr_line' id='line_1_27' title="bbox 220 3215 1319 3316; baseline 0 -25"><span class='ocrx_word' id='word_1_202' title='bbox 220 3236 317 3311; x_wconf 89' lang='lat' dir='ltr'><strong>tum,</strong></span> <span class='ocrx_word' id='word_1_203' title='bbox 345 3220 390 3290; x_wconf 90' lang='lat' dir='ltr'><strong>ibi</strong></span> <span class='ocrx_word' id='word_1_204' title='bbox 422 3215 547 3291; x_wconf 77' lang='lat' dir='ltr'><strong>fecilior</strong></span> <span class='ocrx_word' id='word_1_205' title='bbox 580 3236 631 3292; x_wconf 88' lang='lat' dir='ltr'><strong>est</strong></span> <span class='ocrx_word' id='word_1_206' title='bbox 655 3218 885 3315; x_wconf 81' lang='lat' dir='ltr'><strong>probationum</strong></span> <span class='ocrx_word' id='word_1_207' title='bbox 919 3220 1012 3315; x_wconf 83' lang='lat' dir='ltr'><strong>copie</strong></span> <span class='ocrx_word' id='word_1_208' title='bbox 1043 3233 1078 3289; x_wconf 92' lang='lat' dir='ltr'><strong>et</strong></span> <span class='ocrx_word' id='word_1_209' title='bbox 1108 3219 1213 3316; x_wconf 80' lang='lat' dir='ltr'><strong>majus</strong></span> <span class='ocrx_word' id='word_1_210' title='bbox 1245 3244 1319 3291; x_wconf 52' lang='lat' dir='ltr'><strong>ext</strong></span> 
     </span>
     <span class='ocr_line' id='line_1_28' title="bbox 219 3314 1304 3415; baseline 0 -26"><span class='ocrx_word' id='word_1_211' title='bbox 219 3343 398 3415; x_wconf 79' lang='lat' dir='ltr'><strong>pensurum</strong></span> <span class='ocrx_word' id='word_1_212' title='bbox 434 3318 686 3415; x_wconf 70' lang='lat' dir='ltr'><strong>compendium,</strong></span> <span class='ocrx_word' id='word_1_213' title='bbox 728 3332 885 3413; x_wconf 81' lang='lat' dir='ltr'><strong>praeteree</strong></span> <span class='ocrx_word' id='word_1_214' title='bbox 923 3314 1105 3388; x_wconf 74' lang='lat' dir='ltr'><strong>curandum</strong></span> <span class='ocrx_word' id='word_1_215' title='bbox 1153 3331 1221 3406; x_wconf 87' lang='lat' dir='ltr'><strong>cst,</strong></span> <span class='ocrx_word' id='word_1_216' title='bbox 1268 3334 1304 3389; x_wconf 93' lang='lat' dir='ltr'><strong>ut</strong></span> 
     </span>
     <span class='ocr_line' id='line_1_29' title="bbox 219 3412 1304 3513; baseline 0 -26"><span class='ocrx_word' id='word_1_217' title='bbox 219 3442 297 3487; x_wconf 89' lang='lat' dir='ltr'><strong>rens</strong></span> <span class='ocrx_word' id='word_1_218' title='bbox 325 3416 429 3511; x_wconf 86' lang='lat' dir='ltr'><strong>prosit</strong></span> <span class='ocrx_word' id='word_1_219' title='bbox 456 3414 606 3511; x_wconf 83' lang='lat' dir='ltr'><strong>exemplo</strong></span> <span class='ocrx_word' id='word_1_220' title='bbox 637 3440 764 3513; x_wconf 86' lang='lat' dir='ltr'><strong>poenae,</strong></span> <span class='ocrx_word' id='word_1_221' title='bbox 803 3414 860 3485; x_wconf 94' lang='lat' dir='ltr'><strong>ubi</strong></span> <span class='ocrx_word' id='word_1_222' title='bbox 903 3414 1009 3487; x_wconf 86' lang='lat' dir='ltr'><strong>obluit</strong></span> <span class='ocrx_word' id='word_1_223' title='bbox 1050 3412 1199 3509; x_wconf 84' lang='lat' dir='ltr'><strong>exemplo</strong></span> <span class='ocrx_word' id='word_1_224' title='bbox 1242 3412 1304 3487; x_wconf 90' lang='lat' dir='ltr'><strong>de·</strong></span> 
     </span>
     <span class='ocr_line' id='line_1_30' title="bbox 218 3510 1302 3607; baseline -0.001 -24"><span class='ocrx_word' id='word_1_225' title='bbox 218 3512 290 3585; x_wconf 84' lang='lat' dir='ltr'><strong>licti</strong></span> <span class='ocrx_word' id='word_1_226' title='bbox 313 3512 382 3607; x_wconf 90' lang='lat' dir='ltr'><strong>(l).</strong></span> <span class='ocrx_word' id='word_1_227' title='bbox 409 3510 510 3598; x_wconf 91' lang='lat' dir='ltr'><strong>Quod</strong></span> <span class='ocrx_word' id='word_1_228' title='bbox 546 3515 572 3583; x_wconf 87' lang='lat' dir='ltr'><strong>si</strong></span> <span class='ocrx_word' id='word_1_229' title='bbox 607 3538 681 3583; x_wconf 91' lang='lat' dir='ltr'><strong>reus</strong></span> <span class='ocrx_word' id='word_1_230' title='bbox 706 3537 725 3581; x_wconf 84' lang='lat' dir='ltr'><strong>o</strong></span> <span class='ocrx_word' id='word_1_231' title='bbox 748 3511 820 3583; x_wconf 89' lang='lat' dir='ltr'><strong>loco</strong></span> <span class='ocrx_word' id='word_1_232' title='bbox 843 3511 952 3583; x_wconf 89' lang='lat' dir='ltr'><strong>delicti</strong></span> <span class='ocrx_word' id='word_1_233' title='bbox 981 3512 1083 3601; x_wconf 80' lang='lat' dir='ltr'><strong>obsit,</strong></span> <span class='ocrx_word' id='word_1_234' title='bbox 1113 3514 1211 3583; x_wconf 82' lang='lat' dir='ltr'><strong>etiem</strong></span> <span class='ocrx_word' id='word_1_235' title='bbox 1245 3512 1302 3582; x_wconf 91' lang='lat' dir='ltr'><strong>ubi</strong></span> 
     </span>
     <span class='ocr_line' id='line_1_31' title="bbox 219 3608 1302 3707; baseline -0.001 -26"><span class='ocrx_word' id='word_1_236' title='bbox 219 3612 386 3707; x_wconf 83' lang='lat' dir='ltr'><strong>reperitur</strong></span> <span class='ocrx_word' id='word_1_237' title='bbox 419 3635 456 3680; x_wconf 88' lang='lat' dir='ltr'><strong>eu</strong></span> <span class='ocrx_word' id='word_1_238' title='bbox 490 3609 533 3681; x_wconf 94' lang='lat' dir='ltr'><strong>de</strong></span> <span class='ocrx_word' id='word_1_239' title='bbox 571 3634 607 3681; x_wconf 90' lang='lat' dir='ltr'><strong>re</strong></span> <span class='ocrx_word' id='word_1_240' title='bbox 639 3612 741 3706; x_wconf 81' lang='lat' dir='ltr'><strong>quaeri</strong></span> <span class='ocrx_word' id='word_1_241' title='bbox 764 3626 871 3706; x_wconf 89' lang='lat' dir='ltr'><strong>potest</strong></span> <span class='ocrx_word' id='word_1_242' title='bbox 904 3608 979 3707; x_wconf 71' lang='lat'><strong>(2),</strong></span> <span class='ocrx_word' id='word_1_243' title='bbox 1010 3610 1072 3679; x_wconf 85' lang='lat' dir='ltr'><strong>nisi</strong></span> <span class='ocrx_word' id='word_1_244' title='bbox 1097 3612 1302 3704; x_wconf 79' lang='lat' dir='ltr'><strong>magistratus</strong></span> 
     </span>
     <span class='ocr_line' id='line_1_32' title="bbox 218 3706 1302 3803; baseline -0.001 -25"><span class='ocrx_word' id='word_1_245' title='bbox 218 3708 284 3779; x_wconf 86' lang='lat' dir='ltr'><strong>loci</strong></span> <span class='ocrx_word' id='word_1_246' title='bbox 324 3710 445 3803; x_wconf 82' lang='lat' dir='ltr'><strong>patrati</strong></span> <span class='ocrx_word' id='word_1_247' title='bbox 476 3708 621 3779; x_wconf 86' lang='lat' dir='ltr'><strong>oriminis</strong></span> <span class='ocrx_word' id='word_1_248' title='bbox 651 3732 743 3778; x_wconf 90' lang='lat' dir='ltr'><strong>reum</strong></span> <span class='ocrx_word' id='word_1_249' title='bbox 779 3706 821 3777; x_wconf 87' lang='lat' dir='ltr'><strong>ad</strong></span> <span class='ocrx_word' id='word_1_250' title='bbox 861 3734 895 3779; x_wconf 86' lang='lat' dir='ltr'><strong>se</strong></span> <span class='ocrx_word' id='word_1_251' title='bbox 926 3708 1013 3778; x_wconf 90' lang='lat' dir='ltr'><strong>mitti</strong></span> <span class='ocrx_word' id='word_1_252' title='bbox 1088 3721 1155 3795; x_wconf 87' lang='lat' dir='ltr'><strong>tut,</strong></span> <span class='ocrx_word' id='word_1_253' title='bbox 1186 3723 1224 3777; x_wconf 91' lang='lat' dir='ltr'><strong>ut</strong></span> <span class='ocrx_word' id='word_1_254' title='bbox 1266 3709 1302 3777; x_wconf 90' lang='lat' dir='ltr'><strong>in</strong></span> 
     </span>
     <span class='ocr_line' id='line_1_33' title="bbox 219 3802 1303 3902; baseline 0 -27"><span class='ocrx_word' id='word_1_255' title='bbox 219 3804 294 3878; x_wconf 85' lang='lat' dir='ltr'><strong>loco</strong></span> <span class='ocrx_word' id='word_1_256' title='bbox 326 3802 439 3876; x_wconf 85' lang='lat' dir='ltr'><strong>delicti</strong></span> <span class='ocrx_word' id='word_1_257' title='bbox 458 3806 582 3876; x_wconf 88' lang='lat' dir='ltr'><strong>meritis</strong></span> <span class='ocrx_word' id='word_1_258' title='bbox 609 3803 771 3902; x_wconf 80' lang='lat' dir='ltr'><strong>plectetur</strong></span> <span class='ocrx_word' id='word_1_259' title='bbox 795 3808 902 3902; x_wconf 83' lang='lat' dir='ltr'><strong>poenis</strong></span> <span class='ocrx_word' id='word_1_260' title='bbox 925 3804 992 3902; x_wconf 77' lang='grc' dir='ltr'>(ὅ).</span> <span class='ocrx_word' id='word_1_261' title='bbox 1057 3828 1151 3874; x_wconf 88' lang='lat' dir='ltr'><strong>erum</strong></span> <span class='ocrx_word' id='word_1_262' title='bbox 1176 3806 1211 3873; x_wconf 96' lang='lat' dir='ltr'><strong>in</strong></span> <span class='ocrx_word' id='word_1_263' title='bbox 1240 3803 1303 3876; x_wconf 88' lang='lat' dir='ltr'><strong>hoo</strong></span> 
     </span>
     <span class='ocr_line' id='line_1_34' title="bbox 218 3900 1302 3998; baseline 0 -27"><span class='ocrx_word' id='word_1_264' title='bbox 218 3918 294 3975; x_wconf 92' lang='lat' dir='ltr'><strong>tuto</strong></span> <span class='ocrx_word' id='word_1_265' title='bbox 310 3975 313 3985; x_wconf 75' lang='grc'><em>,</em></span> <span class='ocrx_word' id='word_1_266' title='bbox 331 3904 464 3997; x_wconf 81' lang='lat' dir='ltr'><strong>negotio</strong></span> <span class='ocrx_word' id='word_1_267' title='bbox 512 3927 638 3973; x_wconf 82' lang='lat' dir='ltr'><strong>serrure</strong></span> <span class='ocrx_word' id='word_1_268' title='bbox 678 3918 808 3998; x_wconf 87' lang='lat' dir='ltr'><strong>oportet</strong></span> <span class='ocrx_word' id='word_1_269' title='bbox 852 3900 1002 3973; x_wconf 89' lang='lat' dir='ltr'><strong>locorum</strong></span> <span class='ocrx_word' id='word_1_270' title='bbox 1052 3900 1302 3971; x_wconf 83' lang='lat' dir='ltr'><strong>consuetudines</strong></span> 
     </span>
     <span class='ocr_line' id='line_1_35' title="bbox 219 3998 1302 4167; baseline -0.003 -97"><span class='ocrx_word' id='word_1_271' title='bbox 219 4016 255 4071; x_wconf 90' lang='lat' dir='ltr'><strong>et</strong></span> <span class='ocrx_word' id='word_1_272' title='bbox 282 4015 385 4167; x_wconf 78' lang='lat' dir='ltr'><strong>pecte</strong></span> <span class='ocrx_word' id='word_1_273' title='bbox 418 4015 578 4071; x_wconf 80' lang='lat' dir='ltr'><strong>conventa</strong></span> <span class='ocrx_word' id='word_1_274' title='bbox 614 4000 701 4069; x_wconf 90' lang='lat' dir='ltr'><strong>iuter</strong></span> <span class='ocrx_word' id='word_1_275' title='bbox 730 4024 898 4095; x_wconf 88' lang='lat' dir='ltr'><strong>supremos</strong></span> <span class='ocrx_word' id='word_1_276' title='bbox 929 4000 1092 4095; x_wconf 85' lang='lat' dir='ltr'><strong>principes</strong></span> <span class='ocrx_word' id='word_1_277' title='bbox 1103 4026 1120 4084; x_wconf 67' lang='grc' dir='ltr'><strong>ς.</strong></span> <span class='ocrx_word' id='word_1_278' title='bbox 1146 3998 1302 4095; x_wconf 83' lang='lat' dir='ltr'><strong>quondo·</strong></span> 
     </span>
     <span class='ocr_line' id='line_1_36' title="bbox 220 4096 1300 4194; baseline -0.006 -27"><span class='ocrx_word' id='word_1_279' title='bbox 220 4100 359 4194; x_wconf 85' lang='lat' dir='ltr'><strong>quiem</strong></span> <span class='ocrx_word' id='word_1_280' title='bbox 397 4099 515 4169; x_wconf 86' lang='lat' dir='ltr'><strong>scitum</strong></span> <span class='ocrx_word' id='word_1_281' title='bbox 546 4110 616 4188; x_wconf 89' lang='lat' dir='ltr'><strong>est,</strong></span> <span class='ocrx_word' id='word_1_282' title='bbox 652 4098 818 4168; x_wconf 90' lang='lat' dir='ltr'><strong>neminem</strong></span> <span class='ocrx_word' id='word_1_283' title='bbox 853 4111 944 4168; x_wconf 83' lang='lat' dir='ltr'><strong>extre</strong></span> <span class='ocrx_word' id='word_1_284' title='bbox 970 4120 1066 4167; x_wconf 88' lang='lat' dir='ltr'><strong>suum</strong></span> <span class='ocrx_word' id='word_1_285' title='bbox 1100 4096 1300 4165; x_wconf 81' lang='lat' dir='ltr'><strong>territorium</strong></span> 
     </span>
     <span class='ocr_line' id='line_1_37' title="bbox 214 4189 1301 4292; baseline -0.005 -27"><span class='ocrx_word' id='word_1_286' title='bbox 214 4194 481 4292; x_wconf 85' lang='lat' dir='ltr'><strong>jurisdictionem</strong></span> <span class='ocrx_word' id='word_1_287' title='bbox 512 4218 661 4267; x_wconf 85' lang='lat' dir='ltr'><strong>exercere</strong></span> <span class='ocrx_word' id='word_1_288' title='bbox 702 4196 767 4265; x_wconf 87' lang='lat' dir='ltr'><strong>sive</strong></span> <span class='ocrx_word' id='word_1_289' title='bbox 806 4197 841 4265; x_wconf 89' lang='lat' dir='ltr'><strong>in</strong></span> <span class='ocrx_word' id='word_1_290' title='bbox 877 4217 974 4283; x_wconf 84' lang='lat' dir='ltr'><strong>suos,</strong></span> <span class='ocrx_word' id='word_1_291' title='bbox 1011 4194 1077 4263; x_wconf 84' lang='lat' dir='ltr'><strong>sive</strong></span> <span class='ocrx_word' id='word_1_292' title='bbox 1107 4193 1145 4262; x_wconf 92' lang='lat' dir='ltr'><strong>in</strong></span> <span class='ocrx_word' id='word_1_293' title='bbox 1179 4189 1301 4261; x_wconf 80' lang='lat' dir='ltr'><strong>alienos</strong></span> 
     </span>
     <span class='ocr_line' id='line_1_38' title="bbox 218 4292 415 4389; baseline -0.005 -25"><span class='ocrx_word' id='word_1_294' title='bbox 218 4317 314 4387; x_wconf 89' lang='lat' dir='ltr'><strong>posse</strong></span> <span class='ocrx_word' id='word_1_295' title='bbox 348 4292 415 4389; x_wconf 68' lang='lat' dir='ltr'><strong>(tl).</strong></span> 
     </span>
    </p>
   </div>
   <div class='ocr_carea' id='block_1_6' title="bbox 0 0 1795 5625">
    <p class='ocr_par' dir='ltr' id='par_1_10' title="bbox 0 0 1795 5625">
     <span class='ocr_line' id='line_1_39' title="bbox 0 0 1795 5625; baseline 0 0"><span class='ocrx_word' id='word_1_296' title='bbox 0 0 1795 5625; x_wconf 95' lang='lat' dir='ltr'><strong> </strong></span> 
     </span>
    </p>
   </div>
  </div>
 </body>
</html>
