<?xml version="1.0" encoding="UTF-8"?>
<!DOCTYPE html PUBLIC "-//W3C//DTD XHTML 1.0 Transitional//EN"
    "http://www.w3.org/TR/xhtml1/DTD/xhtml1-transitional.dtd">
<html xmlns="http://www.w3.org/1999/xhtml" xml:lang="en" lang="en">
 <head>
  <title>
</title>
<meta http-equiv="Content-Type" content="text/html;charset=utf-8" />
  <meta name='ocr-system' content='tesseract 3.04.00' />
  <meta name='ocr-capabilities' content='ocr_page ocr_carea ocr_par ocr_line ocrx_word'/>
</head>
<body>
  <div class='ocr_page' id='page_1' title='image "./institutionumca01devogoog_0310.png"; bbox 0 0 3575 5625; ppageno 0'>
   <div class='ocr_carea' id='block_1_1' title="bbox 658 574 877 643">
    <p class='ocr_par' dir='ltr' id='par_1_1' title="bbox 658 574 877 643">
     <span class='ocr_line' id='line_1_1' title="bbox 658 574 877 643; baseline -0.014 1"><span class='ocrx_word' id='word_1_1' title='bbox 658 574 877 643; x_wconf 82' lang='lat'>-501-</span> 
     </span>
    </p>
   </div>
   <div class='ocr_carea' id='block_1_2' title="bbox 226 717 1301 2197">
    <p class='ocr_par' dir='ltr' id='par_1_2' title="bbox 226 717 1301 2197">
     <span class='ocr_line' id='line_1_2' title="bbox 227 717 1296 802; baseline 0.004 -21"><span class='ocrx_word' id='word_1_2' title='bbox 227 720 265 781; x_wconf 84' lang='lat' dir='ltr'>de</span> <span class='ocrx_word' id='word_1_3' title='bbox 281 717 382 781; x_wconf 80' lang='lat' dir='ltr'>terat.</span> <span class='ocrx_word' id='word_1_4' title='bbox 406 719 439 780; x_wconf 85' lang='lat' dir='ltr'>in</span> <span class='ocrx_word' id='word_1_5' title='bbox 460 722 490 781; x_wconf 83' lang='lat'>6.</span> <span class='ocrx_word' id='word_1_6' title='bbox 513 724 585 782; x_wconf 81' lang='lat' dir='ltr'>Nam</span> <span class='ocrx_word' id='word_1_7' title='bbox 607 723 702 799; x_wconf 87' lang='lat' dir='ltr'>quivis</span> <span class='ocrx_word' id='word_1_8' title='bbox 725 723 874 800; x_wconf 86' lang='lat' dir='ltr'>episcopus</span> <span class='ocrx_word' id='word_1_9' title='bbox 895 722 975 782; x_wconf 91' lang='lat' dir='ltr'>omni</span> <span class='ocrx_word' id='word_1_10' title='bbox 996 738 1051 802; x_wconf 88' lang='lat' dir='ltr'>ope</span> <span class='ocrx_word' id='word_1_11' title='bbox 1069 729 1098 783; x_wconf 90' lang='lat' dir='ltr'>ct</span> <span class='ocrx_word' id='word_1_12' title='bbox 1115 740 1203 802; x_wconf 87' lang='lat' dir='ltr'>opera</span> <span class='ocrx_word' id='word_1_13' title='bbox 1223 726 1296 785; x_wconf 90' lang='lat' dir='ltr'>eniti</span> 
     </span>
     <span class='ocr_line' id='line_1_3' title="bbox 227 802 1294 883; baseline 0.005 -20"><span class='ocrx_word' id='word_1_14' title='bbox 227 802 329 878; x_wconf 88' lang='lat' dir='ltr'>debet,</span> <span class='ocrx_word' id='word_1_15' title='bbox 353 810 386 862; x_wconf 93' lang='lat' dir='ltr'>ut</span> <span class='ocrx_word' id='word_1_16' title='bbox 405 804 493 881; x_wconf 89' lang='lat' dir='ltr'>pestis</span> <span class='ocrx_word' id='word_1_17' title='bbox 511 802 653 863; x_wconf 78' lang='lat' dir='ltr'>hereseos</span> <span class='ocrx_word' id='word_1_18' title='bbox 675 824 760 865; x_wconf 87' lang='lat' dir='ltr'>ssua</span> <span class='ocrx_word' id='word_1_19' title='bbox 780 804 895 865; x_wconf 82' lang='lat' dir='ltr'>diecesi</span> <span class='ocrx_word' id='word_1_20' title='bbox 919 813 1067 881; x_wconf 84' lang='lat' dir='ltr'>arceatur,</span> <span class='ocrx_word' id='word_1_21' title='bbox 1092 805 1181 883; x_wconf 87' lang='lat' dir='ltr'>idque</span> <span class='ocrx_word' id='word_1_22' title='bbox 1200 822 1294 868; x_wconf 89' lang='lat' dir='ltr'>unum</span> 
     </span>
     <span class='ocr_line' id='line_1_4' title="bbox 227 883 1299 965; baseline 0.004 -20"><span class='ocrx_word' id='word_1_23' title='bbox 227 903 345 959; x_wconf 83' lang='lat' dir='ltr'>cavere,</span> <span class='ocrx_word' id='word_1_24' title='bbox 372 892 405 943; x_wconf 95' lang='lat' dir='ltr'>ut</span> <span class='ocrx_word' id='word_1_25' title='bbox 419 883 469 944; x_wconf 92' lang='lat' dir='ltr'>ubi</span> <span class='ocrx_word' id='word_1_26' title='bbox 492 893 561 945; x_wconf 87' lang='lat' dir='ltr'>sunt</span> <span class='ocrx_word' id='word_1_27' title='bbox 574 884 643 947; x_wconf 89' lang='lat' dir='ltr'>iidci</span> <span class='ocrx_word' id='word_1_28' title='bbox 662 887 838 962; x_wconf 81' lang='lat' dir='ltr'>Quoesitores</span> <span class='ocrx_word' id='word_1_29' title='bbox 858 883 895 946; x_wconf 88' lang='lat' dir='ltr'>ab</span> <span class='ocrx_word' id='word_1_30' title='bbox 920 886 1082 965; x_wconf 77' lang='lat' dir='ltr'>Apostolica</span> <span class='ocrx_word' id='word_1_31' title='bbox 1101 888 1170 949; x_wconf 88' lang='lat' dir='ltr'>sede</span> <span class='ocrx_word' id='word_1_32' title='bbox 1188 889 1299 949; x_wconf 80' lang='lat' dir='ltr'>musti-</span> 
     </span>
     <span class='ocr_line' id='line_1_5' title="bbox 228 966 1298 1046; baseline 0.007 -21"><span class='ocrx_word' id='word_1_33' title='bbox 228 968 300 1036; x_wconf 85' lang='lat' dir='ltr'>tuti‚</span> <span class='ocrx_word' id='word_1_34' title='bbox 317 966 432 1027; x_wconf 89' lang='lat' dir='ltr'>nullum</span> <span class='ocrx_word' id='word_1_35' title='bbox 446 968 516 1045; x_wconf 87' lang='lat' dir='ltr'>ipsis</span> <span class='ocrx_word' id='word_1_36' title='bbox 529 968 773 1046; x_wconf 75' lang='lat' dir='ltr'>impedimentum</span> <span class='ocrx_word' id='word_1_37' title='bbox 786 970 906 1043; x_wconf 87' lang='lat' dir='ltr'>inierat,</span> <span class='ocrx_word' id='word_1_38' title='bbox 918 968 1076 1046; x_wconf 77' lang='lat' dir='ltr'>quominus</span> <span class='ocrx_word' id='word_1_39' title='bbox 1090 988 1176 1029; x_wconf 88' lang='lat' dir='ltr'>suum</span> <span class='ocrx_word' id='word_1_40' title='bbox 1190 988 1298 1031; x_wconf 89' lang='lat' dir='ltr'>munus</span> 
     </span>
     <span class='ocr_line' id='line_1_6' title="bbox 228 1049 1299 1128; baseline 0.005 -19"><span class='ocrx_word' id='word_1_41' title='bbox 228 1066 364 1109; x_wconf 73' lang='lat' dir='ltr'>exercere</span> <span class='ocrx_word' id='word_1_42' title='bbox 383 1050 509 1127; x_wconf 88' lang='lat' dir='ltr'>possint,</span> <span class='ocrx_word' id='word_1_43' title='bbox 526 1049 578 1110; x_wconf 90' lang='lat' dir='ltr'>scd</span> <span class='ocrx_word' id='word_1_44' title='bbox 592 1050 655 1128; x_wconf 90' lang='lat' dir='ltr'>pari</span> <span class='ocrx_word' id='word_1_45' title='bbox 674 1049 771 1112; x_wconf 90' lang='lat' dir='ltr'>studio</span> <span class='ocrx_word' id='word_1_46' title='bbox 784 1058 814 1109; x_wconf 90' lang='lat' dir='ltr'>et</span> <span class='ocrx_word' id='word_1_47' title='bbox 832 1050 998 1111; x_wconf 88' lang='lat' dir='ltr'>animorum</span> <span class='ocrx_word' id='word_1_48' title='bbox 1012 1051 1201 1111; x_wconf 86' lang='lat' dir='ltr'>consensione</span> <span class='ocrx_word' id='word_1_49' title='bbox 1217 1062 1299 1114; x_wconf 90' lang='lat' dir='ltr'>uter-</span> 
     </span>
     <span class='ocr_line' id='line_1_7' title="bbox 226 1130 1299 1213; baseline 0.004 -22"><span class='ocrx_word' id='word_1_50' title='bbox 226 1151 285 1209; x_wconf 88' lang='lat' dir='ltr'>quc</span> <span class='ocrx_word' id='word_1_51' title='bbox 305 1130 392 1191; x_wconf 90' lang='lat' dir='ltr'>debet</span> <span class='ocrx_word' id='word_1_52' title='bbox 411 1132 441 1189; x_wconf 91' lang='lat' dir='ltr'>in</span> <span class='ocrx_word' id='word_1_53' title='bbox 468 1141 527 1191; x_wconf 85' lang='lat' dir='ltr'>tam</span> <span class='ocrx_word' id='word_1_54' title='bbox 548 1131 674 1193; x_wconf 87' lang='lat' dir='ltr'>salutare</span> <span class='ocrx_word' id='word_1_55' title='bbox 692 1150 765 1211; x_wconf 89' lang='lat' dir='ltr'>opus</span> <span class='ocrx_word' id='word_1_56' title='bbox 788 1131 973 1207; x_wconf 81' lang='lat' dir='ltr'>incumbere,</span> <span class='ocrx_word' id='word_1_57' title='bbox 994 1140 1107 1194; x_wconf 85' lang='lat' dir='ltr'>serrata</span> <span class='ocrx_word' id='word_1_58' title='bbox 1129 1132 1209 1213; x_wconf 82' lang='lat' dir='ltr'>lege,</span> <span class='ocrx_word' id='word_1_59' title='bbox 1231 1152 1299 1211; x_wconf 79' lang='lat' dir='ltr'>que</span> 
     </span>
     <span class='ocr_line' id='line_1_8' title="bbox 227 1212 1294 1295; baseline 0.003 -22"><span class='ocrx_word' id='word_1_60' title='bbox 227 1214 316 1273; x_wconf 89' lang='lat' dir='ltr'>datur</span> <span class='ocrx_word' id='word_1_61' title='bbox 335 1213 366 1273; x_wconf 90' lang='lat' dir='ltr'>in</span> <span class='ocrx_word' id='word_1_62' title='bbox 385 1212 437 1273; x_wconf 86' lang='lat' dir='ltr'>cit.</span> <span class='ocrx_word' id='word_1_63' title='bbox 451 1232 517 1295; x_wconf 84' lang='lat' dir='ltr'>cop.</span> <span class='ocrx_word' id='word_1_64' title='bbox 535 1216 588 1291; x_wconf 75' lang='lat' dir='ltr'>li,</span> <span class='ocrx_word' id='word_1_65' title='bbox 610 1214 686 1274; x_wconf 87' lang='lat' dir='ltr'>etin</span> <span class='ocrx_word' id='word_1_66' title='bbox 706 1212 795 1275; x_wconf 79' lang='lat' dir='ltr'>clem.</span> <span class='ocrx_word' id='word_1_67' title='bbox 816 1212 909 1275; x_wconf 82' lang='lat' dir='ltr'>leod.</span> <span class='ocrx_word' id='word_1_68' title='bbox 932 1214 994 1291; x_wconf 75' lang='lat' dir='ltr'>tit,</span> <span class='ocrx_word' id='word_1_69' title='bbox 1014 1213 1294 1295; x_wconf 58' lang='lat' dir='ltr'>retractasset</span> 
     </span>
     <span class='ocr_line' id='line_1_9' title="bbox 227 1293 1300 1379; baseline 0.002 -24"><span class='ocrx_word' id='word_1_70' title='bbox 227 1294 263 1355; x_wconf 86' lang='lat' dir='ltr'>de</span> <span class='ocrx_word' id='word_1_71' title='bbox 286 1293 386 1356; x_wconf 74' lang='lat' dir='ltr'>liceret.</span> <span class='ocrx_word' id='word_1_72' title='bbox 407 1294 462 1355; x_wconf 84' lang='lat' dir='ltr'>int.</span> <span class='ocrx_word' id='word_1_73' title='bbox 490 1314 639 1356; x_wconf 82' lang='lat' dir='ltr'>commun.</span> <span class='ocrx_word' id='word_1_74' title='bbox 660 1300 751 1357; x_wconf 86' lang='lat' dir='ltr'>Porro</span> <span class='ocrx_word' id='word_1_75' title='bbox 771 1304 830 1357; x_wconf 88' lang='lat' dir='ltr'>tam</span> <span class='ocrx_word' id='word_1_76' title='bbox 852 1296 1024 1375; x_wconf 76' lang='lat' dir='ltr'>inquisitor,</span> <span class='ocrx_word' id='word_1_77' title='bbox 1042 1313 1130 1379; x_wconf 77' lang='lat' dir='ltr'>qupm</span> <span class='ocrx_word' id='word_1_78' title='bbox 1149 1296 1300 1375; x_wconf 86' lang='lat' dir='ltr'>episcopus</span> 
     </span>
     <span class='ocr_line' id='line_1_10' title="bbox 227 1377 1299 1457; baseline 0.002 -20"><span class='ocrx_word' id='word_1_79' title='bbox 227 1386 323 1455; x_wconf 81' lang='lat' dir='ltr'>potest</span> <span class='ocrx_word' id='word_1_80' title='bbox 344 1377 524 1455; x_wconf 88' lang='lat' dir='ltr'>resipiscenti</span> <span class='ocrx_word' id='word_1_81' title='bbox 549 1377 686 1439; x_wconf 77' lang='lat' dir='ltr'>heretico</span> <span class='ocrx_word' id='word_1_82' title='bbox 709 1378 817 1439; x_wconf 89' lang='lat' dir='ltr'>autad</span> <span class='ocrx_word' id='word_1_83' title='bbox 839 1394 870 1439; x_wconf 89' lang='lat' dir='ltr'>se</span> <span class='ocrx_word' id='word_1_84' title='bbox 888 1387 992 1457; x_wconf 91' lang='lat' dir='ltr'>sponte</span> <span class='ocrx_word' id='word_1_85' title='bbox 1012 1378 1161 1450; x_wconf 88' lang='lat' dir='ltr'>venienti,</span> <span class='ocrx_word' id='word_1_86' title='bbox 1186 1387 1238 1439; x_wconf 90' lang='lat' dir='ltr'>aut</span> <span class='ocrx_word' id='word_1_87' title='bbox 1261 1378 1299 1439; x_wconf 86' lang='lat' dir='ltr'>sd</span> 
     </span>
     <span class='ocr_line' id='line_1_11' title="bbox 227 1458 1299 1539; baseline 0.003 -22"><span class='ocrx_word' id='word_1_88' title='bbox 227 1478 316 1519; x_wconf 89' lang='lat' dir='ltr'>suum</span> <span class='ocrx_word' id='word_1_89' title='bbox 341 1460 436 1519; x_wconf 86' lang='lat' dir='ltr'>lorum</span> <span class='ocrx_word' id='word_1_90' title='bbox 457 1458 584 1520; x_wconf 90' lang='lat' dir='ltr'>adducto</span> <span class='ocrx_word' id='word_1_91' title='bbox 613 1462 728 1521; x_wconf 81' lang='lat' dir='ltr'>veniam</span> <span class='ocrx_word' id='word_1_92' title='bbox 750 1462 928 1531; x_wconf 78' lang='lat' dir='ltr'>attribuere,</span> <span class='ocrx_word' id='word_1_93' title='bbox 952 1470 982 1522; x_wconf 88' lang='lat' dir='ltr'>et</span> <span class='ocrx_word' id='word_1_94' title='bbox 1005 1479 1060 1539; x_wconf 88' lang='lat' dir='ltr'>pro</span> <span class='ocrx_word' id='word_1_95' title='bbox 1082 1469 1209 1539; x_wconf 83' lang='lat' dir='ltr'>utroque</span> <span class='ocrx_word' id='word_1_96' title='bbox 1233 1461 1299 1521; x_wconf 84' lang='lat' dir='ltr'>lom</span> 
     </span>
     <span class='ocr_line' id='line_1_12' title="bbox 227 1542 1300 1623; baseline 0.001 -23"><span class='ocrx_word' id='word_1_97' title='bbox 227 1542 327 1601; x_wconf 84' lang='lat' dir='ltr'>laxare</span> <span class='ocrx_word' id='word_1_98' title='bbox 346 1558 513 1617; x_wconf 83' lang='lat' dir='ltr'>censuram,</span> <span class='ocrx_word' id='word_1_99' title='bbox 537 1542 568 1602; x_wconf 88' lang='lat' dir='ltr'>in</span> <span class='ocrx_word' id='word_1_100' title='bbox 591 1562 678 1619; x_wconf 89' lang='lat' dir='ltr'>quam</span> <span class='ocrx_word' id='word_1_101' title='bbox 702 1551 822 1623; x_wconf 90' lang='lat' dir='ltr'>propter</span> <span class='ocrx_word' id='word_1_102' title='bbox 845 1543 981 1604; x_wconf 81' lang='lat' dir='ltr'>heresim</span> <span class='ocrx_word' id='word_1_103' title='bbox 1005 1543 1126 1617; x_wconf 82' lang='lat' dir='ltr'>incidit3</span> <span class='ocrx_word' id='word_1_104' title='bbox 1149 1551 1180 1604; x_wconf 91' lang='lat' dir='ltr'>et</span> <span class='ocrx_word' id='word_1_105' title='bbox 1203 1551 1300 1622; x_wconf 85' lang='lat' dir='ltr'>potest</span> 
     </span>
     <span class='ocr_line' id='line_1_13' title="bbox 228 1623 1300 1705; baseline 0.002 -22"><span class='ocrx_word' id='word_1_106' title='bbox 228 1624 317 1683; x_wconf 89' lang='lat' dir='ltr'>etiam</span> <span class='ocrx_word' id='word_1_107' title='bbox 331 1623 467 1685; x_wconf 87' lang='lat' dir='ltr'>eumdem</span> <span class='ocrx_word' id='word_1_108' title='bbox 482 1623 668 1701; x_wconf 79' lang='lat' dir='ltr'>hereticum,</span> <span class='ocrx_word' id='word_1_109' title='bbox 685 1634 836 1704; x_wconf 91' lang='lat' dir='ltr'>postquam</span> <span class='ocrx_word' id='word_1_110' title='bbox 859 1643 927 1687; x_wconf 85' lang='lat' dir='ltr'>suos</span> <span class='ocrx_word' id='word_1_111' title='bbox 941 1626 1066 1705; x_wconf 76' lang='lat' dir='ltr'>ejuravit</span> <span class='ocrx_word' id='word_1_112' title='bbox 1080 1642 1212 1701; x_wconf 79' lang='lat' dir='ltr'>errores,</span> <span class='ocrx_word' id='word_1_113' title='bbox 1230 1626 1300 1687; x_wconf 86' lang='lat' dir='ltr'>urit-</span> 
     </span>
     <span class='ocr_line' id='line_1_14' title="bbox 228 1704 1300 1786; baseline 0.002 -21"><span class='ocrx_word' id='word_1_114' title='bbox 228 1716 289 1765; x_wconf 85' lang='lat' dir='ltr'>tere</span> <span class='ocrx_word' id='word_1_115' title='bbox 308 1705 346 1766; x_wconf 89' lang='lat' dir='ltr'>ad</span> <span class='ocrx_word' id='word_1_116' title='bbox 368 1705 528 1785; x_wconf 75' lang='lat' dir='ltr'>simplicem</span> <span class='ocrx_word' id='word_1_117' title='bbox 547 1709 771 1783; x_wconf 82' lang='lat' dir='ltr'>confessarium,</span> <span class='ocrx_word' id='word_1_118' title='bbox 790 1728 806 1768; x_wconf 90' lang='lat' dir='ltr'>a</span> <span class='ocrx_word' id='word_1_119' title='bbox 833 1726 892 1785; x_wconf 94' lang='lat' dir='ltr'>quo</span> <span class='ocrx_word' id='word_1_120' title='bbox 907 1707 938 1767; x_wconf 92' lang='lat' dir='ltr'>iu</span> <span class='ocrx_word' id='word_1_121' title='bbox 961 1708 1025 1768; x_wconf 87' lang='lat' dir='ltr'>loro</span> <span class='ocrx_word' id='word_1_122' title='bbox 1047 1706 1228 1786; x_wconf 71' lang='lat' dir='ltr'>poeniteutiae</span> <span class='ocrx_word' id='word_1_123' title='bbox 1251 1704 1300 1769; x_wconf 81' lang='lat' dir='ltr'>ali·</span> 
     </span>
     <span class='ocr_line' id='line_1_15' title="bbox 228 1786 1301 1869; baseline 0.002 -22"><span class='ocrx_word' id='word_1_124' title='bbox 228 1786 371 1862; x_wconf 83' lang='lat' dir='ltr'>solvatur,</span> <span class='ocrx_word' id='word_1_125' title='bbox 387 1806 454 1866; x_wconf 79' lang='lat' dir='ltr'>quar</span> <span class='ocrx_word' id='word_1_126' title='bbox 472 1788 614 1849; x_wconf 75' lang='lat' dir='ltr'>absolutio</span> <span class='ocrx_word' id='word_1_127' title='bbox 633 1790 721 1849; x_wconf 88' lang='lat' dir='ltr'>ctiam</span> <span class='ocrx_word' id='word_1_128' title='bbox 736 1791 765 1850; x_wconf 90' lang='lat' dir='ltr'>in</span> <span class='ocrx_word' id='word_1_129' title='bbox 785 1790 848 1851; x_wconf 89' lang='lat' dir='ltr'>loro</span> <span class='ocrx_word' id='word_1_130' title='bbox 863 1797 985 1851; x_wconf 71' lang='lat' dir='ltr'>exmrno</span> <span class='ocrx_word' id='word_1_131' title='bbox 996 1789 1128 1869; x_wconf 85' lang='lat' dir='ltr'>prodest.</span> <span class='ocrx_word' id='word_1_132' title='bbox 1145 1789 1180 1851; x_wconf 90' lang='lat' dir='ltr'>ld</span> <span class='ocrx_word' id='word_1_133' title='bbox 1200 1797 1301 1849; x_wconf 87' lang='lat' dir='ltr'>osten-</span> 
     </span>
     <span class='ocr_line' id='line_1_16' title="bbox 228 1868 1300 1953; baseline 0.003 -24"><span class='ocrx_word' id='word_1_134' title='bbox 228 1868 272 1929; x_wconf 88' lang='lat' dir='ltr'>dit</span> <span class='ocrx_word' id='word_1_135' title='bbox 285 1870 461 1931; x_wconf 84' lang='lat' dir='ltr'>Benedictus</span> <span class='ocrx_word' id='word_1_136' title='bbox 477 1873 546 1932; x_wconf 83' lang='lat' dir='ltr'>xlv</span> <span class='ocrx_word' id='word_1_137' title='bbox 566 1868 602 1931; x_wconf 86' lang='lat' dir='ltr'>de</span> <span class='ocrx_word' id='word_1_138' title='bbox 673 1870 722 1933; x_wconf 88' lang='lat' dir='ltr'>od.</span> <span class='ocrx_word' id='word_1_139' title='bbox 747 1870 861 1933; x_wconf 78' lang='lat' dir='ltr'>dicaces.</span> <span class='ocrx_word' id='word_1_140' title='bbox 882 1869 933 1933; x_wconf 81' lang='lat' dir='ltr'>tt.</span> <span class='ocrx_word' id='word_1_141' title='bbox 948 1874 968 1931; x_wconf 82' lang='grc'><strong>9</strong></span> <span class='ocrx_word' id='word_1_142' title='bbox 983 1890 1050 1953; x_wconf 85' lang='lat' dir='ltr'>cop.</span> <span class='ocrx_word' id='word_1_143' title='bbox 1067 1874 1184 1933; x_wconf 75' lang='lat' dir='ltr'>ioum.</span> <span class='ocrx_word' id='word_1_144' title='bbox 1201 1874 1234 1947; x_wconf 81' lang='lat'>5,</span> <span class='ocrx_word' id='word_1_145' title='bbox 1247 1872 1300 1950; x_wconf 90' lang='lat' dir='ltr'>qui</span> 
     </span>
     <span class='ocr_line' id='line_1_17' title="bbox 229 1950 1301 2035; baseline 0.004 -26"><span class='ocrx_word' id='word_1_146' title='bbox 229 1950 365 2030; x_wconf 83' lang='lat' dir='ltr'>deinceps</span> <span class='ocrx_word' id='word_1_147' title='bbox 381 1970 467 2013; x_wconf 84' lang='lat' dir='ltr'>num.</span> <span class='ocrx_word' id='word_1_148' title='bbox 487 1956 504 2013; x_wconf 81' lang='lat' dir='ltr'>b</span> <span class='ocrx_word' id='word_1_149' title='bbox 523 1971 584 2035; x_wconf 83' lang='lat' dir='ltr'>seq.</span> <span class='ocrx_word' id='word_1_150' title='bbox 605 1954 624 2013; x_wconf 91' lang='lat' dir='ltr'>il</span> <span class='ocrx_word' id='word_1_151' title='bbox 637 1972 684 2014; x_wconf 90' lang='lat' dir='ltr'>am</span> <span class='ocrx_word' id='word_1_152' title='bbox 704 1954 843 2032; x_wconf 82' lang='lat' dir='ltr'>expendit</span> <span class='ocrx_word' id='word_1_153' title='bbox 865 1954 1113 2029; x_wconf 85' lang='lat' dir='ltr'>controversiam,</span> <span class='ocrx_word' id='word_1_154' title='bbox 1129 1972 1201 2015; x_wconf 91' lang='lat' dir='ltr'>num</span> <span class='ocrx_word' id='word_1_155' title='bbox 1221 1955 1301 2032; x_wconf 89' lang='lat' dir='ltr'>epis-</span> 
     </span>
     <span class='ocr_line' id='line_1_18' title="bbox 228 2034 1298 2117; baseline 0.003 -23"><span class='ocrx_word' id='word_1_156' title='bbox 228 2052 317 2113; x_wconf 87' lang='lat' dir='ltr'>copus</span> <span class='ocrx_word' id='word_1_157' title='bbox 326 2036 358 2095; x_wconf 91' lang='lat' dir='ltr'>iu</span> <span class='ocrx_word' id='word_1_158' title='bbox 367 2036 430 2097; x_wconf 89' lang='lat' dir='ltr'>loro</span> <span class='ocrx_word' id='word_1_159' title='bbox 442 2034 622 2114; x_wconf 72' lang='lat' dir='ltr'>poenitentiae</span> <span class='ocrx_word' id='word_1_160' title='bbox 635 2035 783 2097; x_wconf 84' lang='lat' dir='ltr'>absolvere</span> <span class='ocrx_word' id='word_1_161' title='bbox 796 2037 887 2117; x_wconf 87' lang='lat' dir='ltr'>possit</span> <span class='ocrx_word' id='word_1_162' title='bbox 909 2055 993 2099; x_wconf 89' lang='lat' dir='ltr'>reum</span> <span class='ocrx_word' id='word_1_163' title='bbox 1014 2038 1156 2098; x_wconf 81' lang='lat' dir='ltr'>hereseos</span> <span class='ocrx_word' id='word_1_164' title='bbox 1169 2045 1298 2097; x_wconf 84' lang='lat' dir='ltr'>externae</span> 
     </span>
     <span class='ocr_line' id='line_1_19' title="bbox 229 2115 997 2197; baseline 0.005 -22"><span class='ocrx_word' id='word_1_165' title='bbox 229 2116 364 2193; x_wconf 80' lang='lat' dir='ltr'>occulte,</span> <span class='ocrx_word' id='word_1_166' title='bbox 375 2136 442 2196; x_wconf 83' lang='lat' dir='ltr'>que</span> <span class='ocrx_word' id='word_1_167' title='bbox 457 2116 587 2178; x_wconf 89' lang='lat' dir='ltr'>nondum</span> <span class='ocrx_word' id='word_1_168' title='bbox 598 2115 635 2178; x_wconf 89' lang='lat' dir='ltr'>ad</span> <span class='ocrx_word' id='word_1_169' title='bbox 648 2118 712 2197; x_wconf 81' lang='lat' dir='ltr'>ejus</span> <span class='ocrx_word' id='word_1_170' title='bbox 723 2118 819 2180; x_wconf 87' lang='lat' dir='ltr'>lorum</span> <span class='ocrx_word' id='word_1_171' title='bbox 834 2117 929 2180; x_wconf 87' lang='lat' dir='ltr'>delata</span> <span class='ocrx_word' id='word_1_172' title='bbox 943 2126 997 2181; x_wconf 89' lang='lat' dir='ltr'>est.</span> 
     </span>
    </p>
   </div>
   <div class='ocr_carea' id='block_1_3' title="bbox 224 2261 1301 3639">
    <p class='ocr_par' dir='ltr' id='par_1_3' title="bbox 224 2261 1301 3639">
     <span class='ocr_line' id='line_1_20' title="bbox 276 2261 1300 2363; baseline 0.007 -32"><span class='ocrx_word' id='word_1_173' title='bbox 276 2261 308 2361; x_wconf 58' lang='lat' dir='ltr'>l.</span> <span class='ocrx_word' id='word_1_174' title='bbox 335 2262 408 2335; x_wconf 80' lang='lat' dir='ltr'>Vll.</span> <span class='ocrx_word' id='word_1_175' title='bbox 443 2265 545 2335; x_wconf 86' lang='lat' dir='ltr'>Fuere</span> <span class='ocrx_word' id='word_1_176' title='bbox 579 2291 706 2362; x_wconf 89' lang='lat' dir='ltr'>semper</span> <span class='ocrx_word' id='word_1_177' title='bbox 740 2282 774 2337; x_wconf 88' lang='lat' dir='ltr'>ct</span> <span class='ocrx_word' id='word_1_178' title='bbox 810 2292 899 2339; x_wconf 91' lang='lat' dir='ltr'>nunc</span> <span class='ocrx_word' id='word_1_179' title='bbox 931 2282 1026 2355; x_wconf 90' lang='lat' dir='ltr'>sunt,</span> <span class='ocrx_word' id='word_1_180' title='bbox 1064 2268 1121 2363; x_wconf 91' lang='lat' dir='ltr'>qui</span> <span class='ocrx_word' id='word_1_181' title='bbox 1156 2266 1300 2338; x_wconf 88' lang='lat' dir='ltr'>tribuual</span> 
     </span>
     <span class='ocr_line' id='line_1_21' title="bbox 227 2363 1300 2462; baseline 0.004 -33"><span class='ocrx_word' id='word_1_182' title='bbox 227 2364 443 2459; x_wconf 81' lang='lat' dir='ltr'>inquisitionis</span> <span class='ocrx_word' id='word_1_183' title='bbox 471 2388 556 2458; x_wconf 84' lang='lat' dir='ltr'>aegre</span> <span class='ocrx_word' id='word_1_184' title='bbox 590 2363 705 2434; x_wconf 86' lang='lat' dir='ltr'>ferant.</span> <span class='ocrx_word' id='word_1_185' title='bbox 738 2364 821 2435; x_wconf 85' lang='lat' dir='ltr'>Nam</span> <span class='ocrx_word' id='word_1_186' title='bbox 853 2367 909 2453; x_wconf 88' lang='lat' dir='ltr'>iis,</span> <span class='ocrx_word' id='word_1_187' title='bbox 938 2363 1057 2462; x_wconf 91' lang='lat' dir='ltr'>quibus</span> <span class='ocrx_word' id='word_1_188' title='bbox 1091 2363 1203 2454; x_wconf 84' lang='lat' dir='ltr'>nulla,</span> <span class='ocrx_word' id='word_1_189' title='bbox 1242 2381 1300 2435; x_wconf 82' lang='lat' dir='ltr'>aut</span> 
     </span>
     <span class='ocr_line' id='line_1_22' title="bbox 226 2459 1301 2560; baseline 0.002 -31"><span class='ocrx_word' id='word_1_190' title='bbox 226 2459 392 2531; x_wconf 88' lang='lat' dir='ltr'>erroribus</span> <span class='ocrx_word' id='word_1_191' title='bbox 427 2460 581 2533; x_wconf 84' lang='lat' dir='ltr'>infiascata</span> <span class='ocrx_word' id='word_1_192' title='bbox 625 2462 736 2557; x_wconf 86' lang='lat' dir='ltr'>religio</span> <span class='ocrx_word' id='word_1_193' title='bbox 768 2478 836 2549; x_wconf 88' lang='lat' dir='ltr'>est,</span> <span class='ocrx_word' id='word_1_194' title='bbox 883 2465 941 2560; x_wconf 92' lang='lat' dir='ltr'>qui</span> <span class='ocrx_word' id='word_1_195' title='bbox 980 2463 1082 2534; x_wconf 89' lang='lat' dir='ltr'>libere</span> <span class='ocrx_word' id='word_1_196' title='bbox 1115 2466 1211 2557; x_wconf 88' lang='lat' dir='ltr'>genio</span> <span class='ocrx_word' id='word_1_197' title='bbox 1252 2466 1301 2532; x_wconf 89' lang='lat' dir='ltr'>in-</span> 
     </span>
     <span class='ocr_line' id='line_1_23' title="bbox 229 2556 1301 2657; baseline 0.005 -32"><span class='ocrx_word' id='word_1_198' title='bbox 229 2556 368 2652; x_wconf 87' lang='lat' dir='ltr'>dulgere</span> <span class='ocrx_word' id='word_1_199' title='bbox 403 2561 538 2656; x_wconf 90' lang='lat' dir='ltr'>cupiunt</span> <span class='ocrx_word' id='word_1_200' title='bbox 585 2562 726 2657; x_wconf 82' lang='lat' dir='ltr'>ritaequc</span> <span class='ocrx_word' id='word_1_201' title='bbox 771 2561 902 2631; x_wconf 88' lang='lat' dir='ltr'>licentia</span> <span class='ocrx_word' id='word_1_202' title='bbox 938 2560 1163 2648; x_wconf 89' lang='lat' dir='ltr'>delectantur,</span> <span class='ocrx_word' id='word_1_203' title='bbox 1212 2584 1301 2630; x_wconf 91' lang='lat' dir='ltr'>non-</span> 
     </span>
     <span class='ocr_line' id='line_1_24' title="bbox 227 2654 1297 2756; baseline 0 -32"><span class='ocrx_word' id='word_1_204' title='bbox 227 2656 291 2725; x_wconf 85' lang='lat' dir='ltr'>nisi</span> <span class='ocrx_word' id='word_1_205' title='bbox 335 2682 431 2751; x_wconf 85' lang='lat' dir='ltr'>grare</span> <span class='ocrx_word' id='word_1_206' title='bbox 473 2674 508 2729; x_wconf 90' lang='lat' dir='ltr'>et</span> <span class='ocrx_word' id='word_1_207' title='bbox 543 2657 715 2730; x_wconf 87' lang='lat' dir='ltr'>molestum</span> <span class='ocrx_word' id='word_1_208' title='bbox 754 2684 822 2729; x_wconf 83' lang='lat' dir='ltr'>esse</span> <span class='ocrx_word' id='word_1_209' title='bbox 862 2674 970 2756; x_wconf 86' lang='lat' dir='ltr'>potest</span> <span class='ocrx_word' id='word_1_210' title='bbox 1013 2654 1175 2747; x_wconf 89' lang='lat' dir='ltr'>tribuual,</span> <span class='ocrx_word' id='word_1_211' title='bbox 1208 2654 1297 2753; x_wconf 92' lang='lat' dir='ltr'>quod</span> 
     </span>
     <span class='ocr_line' id='line_1_25' title="bbox 226 2752 1298 2854; baseline 0.002 -31"><span class='ocrx_word' id='word_1_212' title='bbox 226 2752 437 2850; x_wconf 83' lang='lat' dir='ltr'>religionem,</span> <span class='ocrx_word' id='word_1_213' title='bbox 476 2757 610 2854; x_wconf 86' lang='lat' dir='ltr'>ejusque</span> <span class='ocrx_word' id='word_1_214' title='bbox 646 2759 848 2828; x_wconf 77' lang='lat' dir='ltr'>sanctitatem</span> <span class='ocrx_word' id='word_1_215' title='bbox 894 2757 1180 2852; x_wconf 79' lang='lat' dir='ltr'>integritatemque</span> <span class='ocrx_word' id='word_1_216' title='bbox 1221 2780 1298 2826; x_wconf 87' lang='lat' dir='ltr'>cus·</span> 
     </span>
     <span class='ocr_line' id='line_1_26' title="bbox 227 2851 1297 2951; baseline 0.001 -30"><span class='ocrx_word' id='word_1_217' title='bbox 227 2852 332 2944; x_wconf 81' lang='lat' dir='ltr'>todit,</span> <span class='ocrx_word' id='word_1_218' title='bbox 370 2853 459 2951; x_wconf 91' lang='lat' dir='ltr'>quod</span> <span class='ocrx_word' id='word_1_219' title='bbox 499 2879 623 2926; x_wconf 87' lang='lat' dir='ltr'>ermres</span> <span class='ocrx_word' id='word_1_220' title='bbox 658 2858 800 2944; x_wconf 80' lang='lat' dir='ltr'>avertit,</span> <span class='ocrx_word' id='word_1_221' title='bbox 838 2855 929 2951; x_wconf 91' lang='lat' dir='ltr'>quod</span> <span class='ocrx_word' id='word_1_222' title='bbox 968 2853 1153 2951; x_wconf 86' lang='lat' dir='ltr'>improbam</span> <span class='ocrx_word' id='word_1_223' title='bbox 1192 2851 1297 2923; x_wconf 90' lang='lat' dir='ltr'>licen-</span> 
     </span>
     <span class='ocr_line' id='line_1_27' title="bbox 226 2951 1298 3050; baseline -0.002 -32"><span class='ocrx_word' id='word_1_224' title='bbox 226 2951 304 3020; x_wconf 84' lang='lat' dir='ltr'>tiam</span> <span class='ocrx_word' id='word_1_225' title='bbox 341 2967 469 3024; x_wconf 83' lang='lat' dir='ltr'>coercet</span> <span class='ocrx_word' id='word_1_226' title='bbox 508 2953 574 3050; x_wconf 79' lang='lat' dir='ltr'>(l).</span> <span class='ocrx_word' id='word_1_227' title='bbox 613 2954 722 3050; x_wconf 80' lang='lat' dir='ltr'>Atque</span> <span class='ocrx_word' id='word_1_228' title='bbox 751 2951 788 3023; x_wconf 89' lang='lat' dir='ltr'>hi</span> <span class='ocrx_word' id='word_1_229' title='bbox 826 2951 1025 3022; x_wconf 84' lang='lat' dir='ltr'>crudelitatis</span> <span class='ocrx_word' id='word_1_230' title='bbox 1062 2966 1211 3021; x_wconf 87' lang='lat' dir='ltr'>accusant</span> <span class='ocrx_word' id='word_1_231' title='bbox 1242 2951 1298 3017; x_wconf 87' lang='lat' dir='ltr'>in-</span> 
     </span>
     <span class='ocr_line' id='line_1_28' title="bbox 226 3045 1295 3149; baseline -0.007 -29"><span class='ocrx_word' id='word_1_232' title='bbox 226 3051 458 3145; x_wconf 85' lang='lat' dir='ltr'>quisitionem,</span> <span class='ocrx_word' id='word_1_233' title='bbox 486 3053 575 3148; x_wconf 89' lang='lat' dir='ltr'>quasi</span> <span class='ocrx_word' id='word_1_234' title='bbox 601 3047 708 3148; x_wconf 88' lang='lat' dir='ltr'>plures</span> <span class='ocrx_word' id='word_1_235' title='bbox 737 3053 806 3149; x_wconf 90' lang='lat' dir='ltr'>ejus</span> <span class='ocrx_word' id='word_1_236' title='bbox 832 3051 924 3148; x_wconf 88' lang='lat' dir='ltr'>jussu</span> <span class='ocrx_word' id='word_1_237' title='bbox 954 3048 1062 3118; x_wconf 87' lang='lat' dir='ltr'>dirum</span> <span class='ocrx_word' id='word_1_238' title='bbox 1095 3050 1130 3116; x_wconf 92' lang='lat' dir='ltr'>in</span> <span class='ocrx_word' id='word_1_239' title='bbox 1160 3045 1295 3116; x_wconf 88' lang='lat' dir='ltr'>modum</span> 
     </span>
     <span class='ocr_line' id='line_1_29' title="bbox 226 3142 1298 3248; baseline -0.004 -32"><span class='ocrx_word' id='word_1_240' title='bbox 226 3151 333 3219; x_wconf 89' lang='lat' dir='ltr'>necati</span> <span class='ocrx_word' id='word_1_241' title='bbox 368 3149 501 3220; x_wconf 85' lang='lat' dir='ltr'>luerint.</span> <span class='ocrx_word' id='word_1_242' title='bbox 542 3149 664 3220; x_wconf 87' lang='lat' dir='ltr'>Verum</span> <span class='ocrx_word' id='word_1_243' title='bbox 704 3149 745 3218; x_wconf 86' lang='lat' dir='ltr'>ab</span> <span class='ocrx_word' id='word_1_244' title='bbox 772 3147 939 3248; x_wconf 86' lang='lat' dir='ltr'>judicibus</span> <span class='ocrx_word' id='word_1_245' title='bbox 975 3144 1104 3233; x_wconf 73' lang='lat' dir='ltr'>sectili,</span> <span class='ocrx_word' id='word_1_246' title='bbox 1147 3167 1187 3214; x_wconf 82' lang='lat' dir='ltr'>ex</span> <span class='ocrx_word' id='word_1_247' title='bbox 1221 3142 1298 3238; x_wconf 92' lang='lat' dir='ltr'>legi·</span> 
     </span>
     <span class='ocr_line' id='line_1_30' title="bbox 225 3240 1298 3346; baseline -0.002 -32"><span class='ocrx_word' id='word_1_248' title='bbox 225 3245 288 3316; x_wconf 93' lang='lat' dir='ltr'>bus</span> <span class='ocrx_word' id='word_1_249' title='bbox 310 3249 519 3346; x_wconf 82' lang='lat' dir='ltr'>principum,</span> <span class='ocrx_word' id='word_1_250' title='bbox 544 3272 612 3318; x_wconf 88' lang='lat' dir='ltr'>non</span> <span class='ocrx_word' id='word_1_251' title='bbox 637 3273 654 3316; x_wconf 88' lang='lat' dir='ltr'>a</span> <span class='ocrx_word' id='word_1_252' title='bbox 677 3249 832 3318; x_wconf 88' lang='lat' dir='ltr'>ministris</span> <span class='ocrx_word' id='word_1_253' title='bbox 860 3270 1025 3317; x_wconf 86' lang='lat' dir='ltr'>sacrorum</span> <span class='ocrx_word' id='word_1_254' title='bbox 1052 3244 1114 3313; x_wconf 86' lang='lat' dir='ltr'>reis</span> <span class='ocrx_word' id='word_1_255' title='bbox 1141 3240 1298 3314; x_wconf 80' lang='lat' dir='ltr'>haereseos</span> 
     </span>
     <span class='ocr_line' id='line_1_31' title="bbox 224 3340 1297 3441; baseline -0.005 -27"><span class='ocrx_word' id='word_1_256' title='bbox 224 3347 422 3441; x_wconf 87' lang='lat' dir='ltr'>supplicium</span> <span class='ocrx_word' id='word_1_257' title='bbox 453 3345 514 3415; x_wconf 90' lang='lat' dir='ltr'>luit</span> <span class='ocrx_word' id='word_1_258' title='bbox 541 3348 753 3418; x_wconf 84' lang='lat' dir='ltr'>constitutum</span> <span class='ocrx_word' id='word_1_259' title='bbox 782 3346 849 3440; x_wconf 69' lang='lat'>(2)</span> <span class='ocrx_word' id='word_1_260' title='bbox 884 3342 985 3430; x_wconf 83' lang='lat' dir='ltr'>Quod</span> <span class='ocrx_word' id='word_1_261' title='bbox 1017 3340 1151 3440; x_wconf 90' lang='lat' dir='ltr'>quidem</span> <span class='ocrx_word' id='word_1_262' title='bbox 1180 3342 1297 3411; x_wconf 81' lang='lat' dir='ltr'>merito</span> 
     </span>
     <span class='ocr_line' id='line_1_32' title="bbox 224 3439 1296 3542; baseline -0.002 -31"><span class='ocrx_word' id='word_1_263' title='bbox 224 3443 348 3513; x_wconf 82' lang='lat' dir='ltr'>iactum</span> <span class='ocrx_word' id='word_1_264' title='bbox 382 3459 451 3533; x_wconf 85' lang='lat' dir='ltr'>est,</span> <span class='ocrx_word' id='word_1_265' title='bbox 494 3459 565 3514; x_wconf 88' lang='lat' dir='ltr'>tum</span> <span class='ocrx_word' id='word_1_266' title='bbox 607 3460 642 3514; x_wconf 93' lang='lat' dir='ltr'>ut</span> <span class='ocrx_word' id='word_1_267' title='bbox 690 3446 851 3542; x_wconf 84' lang='lat' dir='ltr'>principes</span> <span class='ocrx_word' id='word_1_268' title='bbox 886 3457 1040 3514; x_wconf 77' lang='lat' dir='ltr'>tueantur</span> <span class='ocrx_word' id='word_1_269' title='bbox 1085 3439 1296 3536; x_wconf 80' lang='lat' dir='ltr'>religionem,</span> 
     </span>
     <span class='ocr_line' id='line_1_33' title="bbox 224 3540 1297 3639; baseline -0.005 -29"><span class='ocrx_word' id='word_1_270' title='bbox 224 3568 326 3638; x_wconf 89' lang='lat' dir='ltr'>quam</span> <span class='ocrx_word' id='word_1_271' title='bbox 353 3543 489 3639; x_wconf 87' lang='lat' dir='ltr'>imperio</span> <span class='ocrx_word' id='word_1_272' title='bbox 524 3543 683 3639; x_wconf 89' lang='lat' dir='ltr'>potiorem</span> <span class='ocrx_word' id='word_1_273' title='bbox 717 3541 835 3613; x_wconf 87' lang='lat' dir='ltr'>h&#39;abere</span> <span class='ocrx_word' id='word_1_274' title='bbox 864 3540 1006 3629; x_wconf 88' lang='lat' dir='ltr'>debent,</span> <span class='ocrx_word' id='word_1_275' title='bbox 1037 3557 1110 3611; x_wconf 91' lang='lat' dir='ltr'>tum</span> <span class='ocrx_word' id='word_1_276' title='bbox 1141 3556 1179 3609; x_wconf 93' lang='lat' dir='ltr'>ut</span> <span class='ocrx_word' id='word_1_277' title='bbox 1211 3562 1297 3610; x_wconf 88' lang='lat' dir='ltr'>cour·</span> 
     </span>
    </p>
   </div>
   <div class='ocr_carea' id='block_1_4' title="bbox 224 3635 1296 3836">
    <p class='ocr_par' dir='ltr' id='par_1_4' title="bbox 224 3635 1296 3836">
     <span class='ocr_line' id='line_1_34' title="bbox 224 3635 1296 3738; baseline -0.005 -30"><span class='ocrx_word' id='word_1_278' title='bbox 224 3657 370 3735; x_wconf 72' lang='lat' dir='ltr'>promant</span> <span class='ocrx_word' id='word_1_279' title='bbox 415 3639 578 3712; x_wconf 85' lang='lat' dir='ltr'>audaciam</span> <span class='ocrx_word' id='word_1_280' title='bbox 626 3666 761 3730; x_wconf 87' lang='lat' dir='ltr'>eorum,</span> <span class='ocrx_word' id='word_1_281' title='bbox 807 3643 864 3738; x_wconf 85' lang='lat' dir='ltr'>qni</span> <span class='ocrx_word' id='word_1_282' title='bbox 914 3643 949 3711; x_wconf 91' lang='lat' dir='ltr'>in</span> <span class='ocrx_word' id='word_1_283' title='bbox 1000 3640 1084 3711; x_wconf 84' lang='lat' dir='ltr'>civili</span> <span class='ocrx_word' id='word_1_284' title='bbox 1131 3635 1296 3735; x_wconf 87' lang='lat' dir='ltr'>republica</span> 
     </span>
     <span class='ocr_line' id='line_1_35' title="bbox 225 3738 1038 3836; baseline 0 -28"><span class='ocrx_word' id='word_1_285' title='bbox 225 3738 340 3808; x_wconf 84' lang='lat' dir='ltr'>turbas</span> <span class='ocrx_word' id='word_1_286' title='bbox 362 3741 501 3810; x_wconf 80' lang='lat' dir='ltr'>excitant</span> <span class='ocrx_word' id='word_1_287' title='bbox 529 3741 665 3836; x_wconf 85' lang='lat' dir='ltr'>ejusque</span> <span class='ocrx_word' id='word_1_288' title='bbox 689 3754 809 3810; x_wconf 87' lang='lat' dir='ltr'>statum</span> <span class='ocrx_word' id='word_1_289' title='bbox 833 3754 1038 3836; x_wconf 84' lang='lat' dir='ltr'>pervertunt.</span> 
     </span>
    </p>
   </div>
   <div class='ocr_carea' id='block_1_5' title="bbox 224 3907 1298 4241">
    <p class='ocr_par' dir='ltr' id='par_1_5' title="bbox 224 3907 1298 4241">
     <span class='ocr_line' id='line_1_36' title="bbox 266 3907 1296 3994; baseline -0.01 -20"><span class='ocrx_word' id='word_1_290' title='bbox 266 3911 309 3993; x_wconf 82' lang='lat' dir='ltr'>(l)</span> <span class='ocrx_word' id='word_1_291' title='bbox 329 3915 414 3975; x_wconf 85' lang='lat' dir='ltr'>liitto</span> <span class='ocrx_word' id='word_1_292' title='bbox 426 3913 586 3994; x_wconf 85' lang='lat' dir='ltr'>generatim</span> <span class='ocrx_word' id='word_1_293' title='bbox 613 3913 763 3974; x_wconf 81' lang='lat' dir='ltr'>hereticos</span> <span class='ocrx_word' id='word_1_294' title='bbox 778 3931 895 3988; x_wconf 83' lang='lat' dir='ltr'>ornnes,</span> <span class='ocrx_word' id='word_1_295' title='bbox 917 3931 1044 3992; x_wconf 88' lang='lat' dir='ltr'>quorum</span> <span class='ocrx_word' id='word_1_296' title='bbox 1057 3912 1088 3972; x_wconf 93' lang='lat' dir='ltr'>iu</span> <span class='ocrx_word' id='word_1_297' title='bbox 1106 3908 1234 3972; x_wconf 89' lang='lat' dir='ltr'>tribunal</span> <span class='ocrx_word' id='word_1_298' title='bbox 1253 3907 1296 3965; x_wconf 92' lang='lat' dir='ltr'>in·</span> 
     </span>
     <span class='ocr_line' id='line_1_37' title="bbox 224 3989 1298 4076; baseline -0.009 -21"><span class='ocrx_word' id='word_1_299' title='bbox 224 3997 394 4075; x_wconf 84' lang='lat' dir='ltr'>quisitionis</span> <span class='ocrx_word' id='word_1_300' title='bbox 414 4013 527 4076; x_wconf 79' lang='lat' dir='ltr'>magnus</span> <span class='ocrx_word' id='word_1_301' title='bbox 543 4005 612 4056; x_wconf 91' lang='lat' dir='ltr'>sunt</span> <span class='ocrx_word' id='word_1_302' title='bbox 631 4013 803 4075; x_wconf 86' lang='lat' dir='ltr'>semperque</span> <span class='ocrx_word' id='word_1_303' title='bbox 825 4003 914 4057; x_wconf 90' lang='lat' dir='ltr'>erunt</span> <span class='ocrx_word' id='word_1_304' title='bbox 934 3996 1062 4073; x_wconf 75' lang='lat' dir='ltr'>querelas</span> <span class='ocrx_word' id='word_1_305' title='bbox 1082 4003 1170 4072; x_wconf 87' lang='lat' dir='ltr'>atquc</span> <span class='ocrx_word' id='word_1_306' title='bbox 1189 3989 1298 4050; x_wconf 90' lang='lat' dir='ltr'>calum·</span> 
     </span>
     <span class='ocr_line' id='line_1_38' title="bbox 224 4069 1296 4158; baseline -0.009 -20"><span class='ocrx_word' id='word_1_307' title='bbox 224 4079 301 4142; x_wconf 81' lang='lat' dir='ltr'>nice,</span> <span class='ocrx_word' id='word_1_308' title='bbox 321 4087 351 4138; x_wconf 90' lang='lat' dir='ltr'>ct</span> <span class='ocrx_word' id='word_1_309' title='bbox 373 4078 420 4138; x_wconf 89' lang='lat' dir='ltr'>his</span> <span class='ocrx_word' id='word_1_310' title='bbox 440 4079 560 4157; x_wconf 86' lang='lat' dir='ltr'>quidem</span> <span class='ocrx_word' id='word_1_311' title='bbox 583 4097 641 4141; x_wconf 90' lang='lat' dir='ltr'>non</span> <span class='ocrx_word' id='word_1_312' title='bbox 660 4087 783 4158; x_wconf 89' lang='lat' dir='ltr'>parcunt</span> <span class='ocrx_word' id='word_1_313' title='bbox 800 4078 887 4138; x_wconf 91' lang='lat' dir='ltr'>etiam</span> <span class='ocrx_word' id='word_1_314' title='bbox 902 4077 1007 4156; x_wconf 88' lang='lat' dir='ltr'>aliqui,</span> <span class='ocrx_word' id='word_1_315' title='bbox 1022 4077 1073 4156; x_wconf 94' lang='lat' dir='ltr'>qui</span> <span class='ocrx_word' id='word_1_316' title='bbox 1091 4093 1123 4134; x_wconf 88' lang='lat' dir='ltr'>se</span> <span class='ocrx_word' id='word_1_317' title='bbox 1140 4069 1296 4133; x_wconf 88' lang='lat' dir='ltr'>catholicos</span> 
     </span>
     <span class='ocr_line' id='line_1_39' title="bbox 224 4151 1295 4241; baseline -0.01 -19"><span class='ocrx_word' id='word_1_318' title='bbox 224 4159 414 4239; x_wconf 85' lang='lat' dir='ltr'>profitentur.</span> <span class='ocrx_word' id='word_1_319' title='bbox 446 4162 609 4222; x_wconf 83' lang='lat' dir='ltr'>Prmsertinr</span> <span class='ocrx_word' id='word_1_320' title='bbox 632 4179 701 4222; x_wconf 84' lang='lat' dir='ltr'>vero</span> <span class='ocrx_word' id='word_1_321' title='bbox 729 4179 806 4241; x_wconf 81' lang='lat' dir='ltr'>egre</span> <span class='ocrx_word' id='word_1_322' title='bbox 837 4161 937 4220; x_wconf 88' lang='lat' dir='ltr'>icrunt</span> <span class='ocrx_word' id='word_1_323' title='bbox 963 4167 1051 4237; x_wconf 88' lang='lat' dir='ltr'>atque</span> <span class='ocrx_word' id='word_1_324' title='bbox 1073 4151 1295 4235; x_wconf 84' lang='lat' dir='ltr'>reprehendunt</span> 
     </span>
    </p>
   </div>
   <div class='ocr_carea' id='block_1_6' title="bbox 0 0 1792 5625">
    <p class='ocr_par' dir='ltr' id='par_1_6' title="bbox 0 0 1792 5625">
     <span class='ocr_line' id='line_1_40' title="bbox 0 0 1792 5625; baseline 0 1"><span class='ocrx_word' id='word_1_325' title='bbox 0 0 1792 5625; x_wconf 95' lang='lat' dir='ltr'> </span> 
     </span>
    </p>
   </div>
  </div>
 </body>
</html>
