3575 5625
884 585 1082 657 „63-

442 753 510 817 opp.
523 743 547 795 t.
562 737 580 796 5
594 731 649 798 eol.
663 735 723 796 ato
737 743 764 796 et
778 753 839 818 seq.
856 731 903 796 od.
924 734 996 796 Van.
1016 735 1112 809 17585
1129 733 1300 827 tleineccius
1313 733 1416 816 Antip.
1434 730 1484 794 lib.
1498 736 1521 796 b

445 817 494 913 tit·
505 818 523 877 6
536 815 564 897 §.
578 819 617 878 to
630 825 657 879 et
670 835 731 900 seq.
748 836 816 902 opp.
830 824 901 880 toni.
919 817 937 878 5
946 835 1020 900 paq.
1034 817 1094 878 tas
1106 823 1206 899 etseq.
1223 812 1297 876 edit.
1312 815 1411 898 Neop.
1426 817 1518 892 ¹769,

446 899 825 1061 atrppperlpppltpreatsbauH
847 985 933 1040 catate
951 978 1013 1058 jam
1037 979 1121 1040 illurn
1141 977 1304 1039 obtinuisse
1328 995 1460 1054 morem,
1487 985 1524 1038 ut

446 1079 534 1122 nemo
561 1062 625 1122 sine
650 1063 836 1156 magistratus
859 1062 1032 1122 auctoritate
1061 1061 1092 1121 in
1120 1060 1169 1139 jus
1193 1068 1363 1136 vocaretur,
1393 1060 1525 1122 ostendit

447 1139 1526 1368 {uittaatttriti-,tingat,tiramni-tta

462 1325 513 1367 om
536 1326 581 1368 oc.
597 1326 647 1368 ot.

494 1472 525 1574 ς.
555 1471 615 1544 ΙΧ.
645 1473 743 1548 Nunc
770 1475 838 1570 ipsa
866 1471 970 1544 libelli
997 1468 1121 1546 oblatio
1149 1474 1186 1542 in
1213 1473 1270 1571 jus
1305 1475 1428 1545 vocatio
1458 1471 1526 1546 dici

447 1587 578 1670 potest,
606 1571 664 1642 sed
699 1573 855 1670 quoniam
890 1569 1019 1642 libellus
1055 1587 1150 1667 aptus
1182 1595 1252 1641 non
1282 1571 1397 1641 estad
1427 1571 1526 1646 indu·

447 1669 585 1742 cendam
614 1668 679 1741 litis
721 1672 1015 1759 contestationem,
1049 1695 1087 1739 ac
1125 1683 1257 1740 tantum
1298 1671 1447 1740 continet
1474 1697 1526 1744 ao

447 1771 526 1840 toris
555 1769 773 1864 petitionem,
799 1793 868 1840 non
897 1771 977 1839 item
1004 1766 1232 1864 probationes,
1260 1765 1380 1864 quibus
1408 1767 1526 1841 eadem

472 1869 562 1937 etitio
600 1867 740 1953 nititur,
772 1863 823 1936 hae
855 1880 934 1935 sunt
965 1865 1002 1934 in
1030 1867 1109 1936 actis
1167 1880 1218 1936 ost
1245 1862 1393 1936 oblatum
1424 1864 1527 1939 libel-

447 1893 519 2033 lum
569 1960 761 2034 exhibendae
806 1961 1033 2057 probationes,
1112 1891 1208 2033 uibus
1249 1961 1400 2033 exhibitis
1451 1989 1528 2037 reus

449 2063 484 2130 in
506 2057 670 2159 judicium
702 2073 856 2148 vocatur,
897 2075 935 2129 ut
965 1989 1163 2156 respondere
1194 2063 1314 2157 possit,
1346 2075 1449 2158 atque
1480 2066 1526 2133 ita

450 2157 515 2228 litis
549 2157 740 2228 contestatio
766 2155 954 2228 inducatur.
982 2156 1020 2226 ld
1049 2183 1124 2229 vero
1155 2155 1197 2228 fit
1227 2183 1290 2255 per
1315 2159 1525 2263 dudonem,

451 2280 529 2352 quae
554 2253 718 2353 judicialis
748 2268 796 2325 est
827 2271 937 2344 actus,
977 2280 1038 2353 per
1072 2279 1173 2352 quem
1203 2280 1296 2345 reus,
1326 2272 1435 2328 actore
1467 2283 1528 2330 ro-

451 2368 571 2448 gante,
610 2349 730 2450 judicis
777 2355 968 2424 auctoritate
1011 2351 1077 2423 litis
1117 2353 1313 2452 peragendas
1354 2379 1447 2426 causa
1492 2358 1529 2427 in

447 2449 609 2550 judicium
649 2464 794 2520 vocatur.
835 2450 973 2548 Proprie
1003 2449 1075 2522 hec
1107 2452 1217 2522 citatio
1256 2453 1291 2523 in
1314 2453 1371 2551 jus
1403 2457 1529 2526 vocatio

452 2564 522 2637 est,
560 2564 593 2619 et
616 2562 755 2645 utraque
788 2571 873 2646 saepe
901 2546 1138 2635 confunditur,
1178 2575 1379 2646 quamquam
1417 2553 1529 2624 citatio
1634 2543 1640 2552 ¹

451 2647 548 2716 latius
583 2660 715 2742 pateat,
762 2651 888 2743 quippe
921 2670 998 2742 quae
1034 2649 1069 2717 in
1109 2646 1256 2742 qualibet
1276 2646 1393 2744 judicii
1435 2665 1530 2745 parte

452 2741 648 2834 adhibetur,
686 2746 842 2840 quoniam
881 2743 1000 2839 singuli
1032 2744 1198 2843 judiciarii
1239 2760 1329 2817 actus
1366 2745 1530 2841 litiganti-

451 2844 514 2913 bus
544 2842 765 2929 nuntientur,
802 2866 917 2912 rerum
957 2845 993 2911 in
1022 2845 1078 2943 jus
1115 2846 1238 2917 vocatio
1267 2858 1398 2915 tantum
1429 2847 1530 2941 perti·

453 2955 511 3011 net
553 2939 595 3009 ad
638 2942 779 3035 primam
820 2940 1035 3030 citationem,
1066 2940 1155 3011 unde
1192 2940 1355 3038 judicium
1396 2943 1531 3014 exordi-

451 3054 507 3108 tur
545 3038 611 3135 (l).
650 3035 717 3108 Sed
747 3038 848 3109 reteri
878 3039 956 3135 jure
994 3038 1142 3110 Romano
1181 3042 1216 3109 in
1250 3041 1306 3138 jus
1344 3042 1468 3111 vocatio
1496 3057 1529 3113 et
1588 3054 1593 3065 '

452 3136 561 3206 citatio
603 3134 821 3223 differebant,
863 3137 1020 3233 quoniam
1057 3134 1111 3205 illa
1153 3138 1278 3234 privata
1308 3140 1528 3227 auctoritate,

437 3231 523 3322 ,haec
558 3256 632 3305 rero
660 3231 815 3303 mandato
834 3232 955 3331 judicis
977 3258 1037 3329 per
1063 3258 1271 3329 praeconem,
1298 3250 1330 3306 et
1359 3235 1530 3307 interdum

453 3332 553 3401 etiem
585 3354 644 3426 per
682 3328 826 3400 edictum
861 3327 985 3417 fiebat,
1025 3355 1087 3401 nec
1117 3347 1245 3403 tantum
1277 3358 1372 3423 reus,
1413 3359 1530 3405 rerum

456 3430 555 3500 etiam
583 3442 692 3516 actor,
727 3428 857 3523 patroni
882 3442 917 3497 et
940 3442 1039 3499 testes
1073 3430 1107 3501 in
1134 3429 1298 3528 judicium
1328 3429 1527 3503 citabantur.

495 3598 538 3681 (t)
559 3599 665 3663 Confer
679 3598 822 3663 Vinnium
845 3600 1007 3663 Commeat.
1026 3599 1068 3663 od
1081 3604 1159 3665 lost.
1176 3599 1199 3664 l.
1214 3606 1235 3665 d
1250 3602 1297 3665 tit.
1315 3604 1354 3665 tt
1368 3601 1395 3685 S.
1413 3606 1431 3666 5
1447 3622 1481 3665 n.
1499 3607 1528 3669 s.

504 3754 536 3855 §.
565 3754 611 3825 Χ.
649 3754 770 3827 Omnia
800 3754 926 3854 judicia
958 3784 977 3827 a
1012 3760 1166 3831 citatione
1203 3758 1386 3832 inchoanda
1424 3779 1530 3853 sunt,

458 3878 587 3951 neque,
614 3878 652 3924 ea
670 3854 804 3943 omissa,
838 3853 905 3947 ulla
930 3854 1048 3955 judicii
1073 3859 1177 3929 viset
1204 3860 1377 3929 auctoritas
1395 3874 1444 3929 est
1460 3860 1527 3957 (l)

457 3950 557 4023 Vetat
599 3953 688 4022 enirn
727 3975 796 4022 non
832 3952 933 4023 civilis
972 3952 1092 4046 modo,
1133 3955 1191 4026 sed
1239 3958 1336 4027 etiam
1376 3956 1531 4027 naturalis

452 4052 538 4149 juris
572 4052 678 4138 ratio,
714 4046 862 4121 damnari
900 4051 1062 4148 aliquem,
1095 4056 1152 4151 qui
1184 4052 1314 4124 auditus
1341 4082 1379 4127 ac
1412 4052 1531 4125 delen·

458 4173 510 4219 sus
551 4174 620 4220 non
664 4150 717 4218 sit.
760 4146 844 4221 Hinc
890 4148 1056 4222 deiectum
1093 4153 1254 4223 citationis
1290 4153 1530 4227 insanabilem
