3575 5625
695 704 919 776 -165-

263 865 352 935 atque
370 855 462 934 hujus
481 853 619 916 facinoris
639 855 789 914 convictus
809 855 911 915 luerit.
938 855 988 916 llis
1009 863 1106 917 autam
1133 857 1342 936 capitularibus

262 939 415 1018 antiquior
424 936 566 998 clotharii
581 937 660 1017 regis
674 936 860 1011 constitutio,
880 936 959 996 edita
971 937 1045 996 circa
1057 957 1168 1000 annum
1181 942 1241 1000 560
1254 961 1342 1004 nuru.

263 1023 322 1095 aa,
335 1019 416 1098 apud
428 1019 580 1079 Balazium
594 1037 660 1100 cap.
677 1035 740 1098 rap.
759 1018 868 1078 Franc.
885 1025 957 1078 tam.
972 1021 986 1080 l
1004 1015 1059 1080 cal.
1077 1021 1095 1080 7
1112 1020 1161 1081 ait.
1178 1021 1226 1082 eal.
1239 1023 1341 1101 iubet,

262 1103 468 1182 episcoporum
499 1099 625 1177 imperio
655 1099 790 1180 castigari
817 1098 966 1176 judicem,
994 1101 1046 1178 qui
1084 1101 1210 1180 aliquem
1242 1114 1343 1166 contra

261 1185 359 1264 legem
377 1182 487 1261 injuste
504 1181 699 1243 damnaverit.
722 1185 785 1242 llue
808 1181 897 1241 etiam
918 1181 1073 1244 reseranda
1094 1191 1139 1244 est
1158 1203 1251 1264 graeca
1274 1206 1343 1248 aan-

263 1266 379 1326 stitutia
396 1263 556 1326 lastiniani
573 1263 651 1342 apud
672 1263 808 1325 Cantium
862 1263 1018 1326 atomus.
1039 1262 1127 1327 alana.
1151 1269 1165 1327 1
1187 1285 1259 1349 paq.
1282 1271 1342 1330 295

262 1343 333 1408 cair.
348 1349 448 1430 Neap.
466 1347 560 1406 1725.
575 1343 619 1426 (6)
632 1343 734 1408 Iastia.
748 1343 784 1406 dc
794 1282 871 1427 offic.
879 1343 982 1427 judic.

312 1498 345 1600 §.
372 1500 447 1572 Vll.
476 1498 638 1587 Quaedam
659 1525 740 1574 vero
766 1525 873 1574 causae
905 1517 1006 1592 sunt,
1036 1527 1111 1599 quae
1135 1528 1337 1606 amnemap-

262 1597 477 1696 pellationem
507 1601 682 1698 rejiciant,
723 1599 776 1670 rel
812 1597 902 1696 quod
940 1598 1088 1673 celeriter
1126 1602 1339 1699 expediendae

263 1713 359 1784 sant,
390 1697 440 1767 rel
472 1697 565 1794 quod
592 1695 768 1793 appellatio
801 1699 911 1795 potius
949 1696 989 1768 ad
1026 1698 1260 1771 retardandum
1286 1705 1340 1802 ju-

262 1793 407 1880 diciam,
441 1820 542 1891 qaam
571 1794 614 1867 ab
646 1796 771 1893 justam
811 1819 940 1865 cansam
974 1798 1165 1893 interposita
1197 1798 1337 1872 ridetur.

263 1891 350 1986 Ergo
379 1891 499 1963 frustra
538 1909 716 1991 provocant
750 1895 808 1988 qui
840 1895 1038 1966 sententiam
1074 1919 1209 1991 quaqua
1242 1899 1341 1970 mado

261 1989 447 2085 probarunt
470 1989 544 2087 (1),
578 1992 630 2062 rel
661 2016 696 2062 ae
732 2015 801 2062 non
832 1989 1050 2086 appellaturas
1076 1993 1179 2089 jurati
1210 1999 1340 2089 prami-

262 2103 377 2157 serant
401 2088 480 2185 (ᾗ),
512 2091 570 2184 qui
600 2089 736 2159 testibus
759 2104 794 2158 et
820 2090 1020 2182 argumentis
1047 2092 1184 2162 convicti
1213 2094 1339 2165 crimen

262 2183 399 2256 confessi
428 2201 508 2256 sunt
544 2186 619 2283 (5),
657 2186 700 2258 ab
741 2211 870 2274 veram,
914 2211 983 2256 nan
1020 2188 1132 2258 fictam
1171 2205 1339 2262 contuma-

262 2284 346 2352 ciam
371 2283 518 2353 damnati
549 2299 627 2354 sunt
657 2285 732 2381 (4),
762 2282 905 2381 denique
939 2282 985 2353 illi
1014 2301 1128 2356 cantra
1161 2310 1241 2381 quas
1274 2303 1339 2360 tres

263 2378 446 2452 conformes
471 2385 641 2452 sententiae
662 2380 736 2452 latae
758 2397 834 2451 sunt
869 2381 936 2477 (5).
973 2379 1130 2452 Similiter
1157 2407 1226 2456 non
1242 2383 1340 2456 datur

261 2476 439 2573 appellatio
477 2481 510 2548 iu
549 2478 725 2549 manifestis
757 2480 823 2548 sire
859 2479 995 2550 notariis
1033 2479 1110 2574 (6),
1150 2481 1186 2549 in
1207 2481 1339 2578 judiciis

261 2591 391 2645 remota
416 2574 634 2675 appellatione
661 2577 739 2647 actis
767 2574 841 2670 (7),
874 2577 910 2646 in
944 2579 1044 2646 causis
1073 2574 1212 2649 madicae
1245 2604 1340 2650 sum·
1435 2631 1437 2635 ,

261 2696 329 2742 mae
354 2672 429 2769 (8),
458 2698 476 2742 a
505 2674 674 2744 sententiae
709 2677 921 2763 executione,
958 2673 1020 2744 nisi
1053 2673 1127 2764 ille,
1158 2699 1258 2770 quem
1291 2693 1338 2748 te·

260 2795 343 2841 nere
367 2770 561 2867 oportebat,
591 2769 709 2842 modas
739 2786 909 2868 superatus
938 2769 1037 2841 luerit
1066 2771 1144 2868 (9),
1180 2774 1213 2843 in
1239 2778 1340 2847 causis

263 2866 443 2963 disciplinae
472 2883 506 2939 et
540 2868 777 2940 emendationis
815 2892 946 2939 morum
982 2868 1086 2967 (10),
1121 2870 1181 2939 nisi
1221 2897 1257 2942 ea
1289 2898 1340 2942 res

262 2981 384 3061 praeter
416 2965 554 3037 modurn
581 2983 652 3037 acta
680 2967 722 3036 sit
748 2964 840 3062 (11).

305 3137 348 3217 (1)
370 3140 443 3220 Cap.
463 3142 505 3200 20
526 3136 563 3199 tle
580 3136 657 3221 offic.
681 3146 711 3199 et
724 3146 829 3221 pateat.
849 3134 989 3217 elataque,
1014 3136 1114 3215 ibique
1136 3138 1236 3199 Glassa
1259 3137 1339 3198 verb.

260 3221 431 3281 Recensum.
447 3218 490 3300 (2)
506 3225 579 3299 Cap.
595 3224 635 3282 ‘20
649 3231 677 3282 et
691 3223 725 3281 11
745 3219 781 3280 dc
795 3214 938 3300 appellat.

304 3300 348 3382 (5)
369 3304 442 3382 Cap.
466 3301 527 3383 5§.
546 3302 581 3366 st
601 3311 703 3363 autam
722 3299 757 3362 de
777 3297 886 3383 appell.
909 3299 941 3359 in
963 3301 997 3374 6,
1015 3297 1115 3377 ibique
1134 3298 1234 3361 Glossa
1256 3300 1336 3364 verb.

261 3382 401 3463 trajan,
416 3402 484 3444 can.
500 3386 537 3445 11
554 3383 582 3465 S.
602 3381 716 3446 Nullus
730 3382 819 3444 etiarn
835 3401 902 3462 cap.
921 3382 1006 3463 Qqu.
1024 3382 1060 3459 6,·
1075 3381 1110 3439 L.
1129 3382 1148 3441 2
1164 3378 1226 3443 aad.
1246 3386 1339 3459 Quor.

261 3461 409 3544 appellat.
427 3484 488 3525 uon
506 3467 568 3526 reci
590 3510 598 3525 .

305 3544 349 3623 (l)
370 3546 405 3605 t.
432 3548 471 3606 23
489 3544 515 3625 S.
537 3484 595 3607 aii.
620 3544 655 3628 ff.
682 3542 718 3604 cle
738 3540 895 3626 appellat,
926 3542 1027 3621 ibique
1052 3542 1151 3605 Glossa
1168 3542 1248 3606 verb.
1269 3548 1342 3609 Non

261 3633 357 3700 recan-
376 3627 410 3686 t.
429 3630 467 3687 55
486 3628 521 3709 (Ῑ.
544 3626 580 3689 de
599 3646 631 3688 rc
642 3624 757 3709 judic,
783 3626 884 3702 ibique
902 3625 1000 3687 Glossa
1022 3622 1100 3685 acab.
1119 3624 1195 3687 Litia
1218 3624 1339 3689 damno.

303 3707 348 3787 (b)
368 3710 446 3768 Ante
468 3710 667 3770 lastinianum
692 3706 782 3768 semel
806 3713 921 3766 tantum
946 3724 1103 3783 provocare
1128 3707 1251 3785 licebat3
1277 3718 1343 3787 post

259 3788 463 3850 lastinianum
484 3792 574 3851 etiam
587 3791 632 3850 bia
652 3806 810 3869 provocare
822 3788 891 3849 licet
912 3787 983 3868 lep.
1002 3787 1085 3848 ianm.
1107 3786 1171 3849 aad.
1188 3792 1234 3851 Na
1254 3786 1343 3852 liccat

261 3869 297 3930 in
309 3890 377 3931 cna
391 3867 456 3931 aad.
473 3890 557 3933 acca.
578 3870 719 3933 Eamdem
742 3870 818 3931 banc
835 3869 969 3950 regulam
984 3870 1122 3948 proponit
1144 3870 1277 3933 Clemens
1301 3875 1342 3933 lll

261 3952 297 4011 iu
314 3969 382 4033 cap.
406 3953 444 4011 59
464 3950 501 4013 de
520 3949 661 4034 appellat.
684 3950 742 4012 sed
757 3958 865 4012 statuta
878 3950 1074 4030 plurimarum
1088 3952 1222 4031 gentium
1243 3950 1343 4016 radie-

258 4040 338 4093 runt
351 4033 389 4093 ad
402 4034 451 4112 jus
464 4033 635 4113 antiquum,
647 4032 772 4111 ideoque
793 4031 872 4112 apud
894 4049 942 4093 aas
959 4050 1038 4093 nunc
1054 4032 1144 4095 semel
1162 4039 1278 4092 tantum
1289 4048 1342 4109 ap-

260 4114 385 4192 pellatio
404 4115 602 4193 permittitur,
621 4115 761 4194 quoniam
778 4132 839 4175 nou
860 4120 935 4189 tres,
959 4114 1003 4175 uti
1024 4114 1082 4175 lert
1100 4115 1153 4175 lus
1171 4128 1340 4189 commune,

258 4196 316 4257 sad
331 4196 400 4256 dun
422 4198 575 4257 sententia
590 4215 655 4257 rem
676 4195 835 4274 judicatam
857 4194 1000 4257 efficiunt.
1028 4198 1124 4273 Atque
1145 4192 1202 4253 hoc
1222 4192 1342 4271 quidam

254 4278 310 4356 jus
324 4285 388 4355 est,
403 4295 463 4357 qua
474 4281 575 4340 Rome
587 4280 712 4340 utimur.
