3575 5625
278 989 402 1051 Ecclesia
420 986 503 1066 quid.
526 992 551 1064 1,
570 988 619 1048 10.
639 988 709 1067 Ejus
732 985 879 1047 institutio
900 988 950 1047 l0.
969 987 1015 1049 sd
1034 987 1127 1049 instar
1146 992 1315 1070 reipublicae

236 1072 347 1132 aeirili
365 1071 520 1132 distincta.
548 1073 573 1143 1,
603 1071 653 1142 15,
680 1072 718 1144 11,
742 1072 772 1129 b.
801 1069 929 1130 Societas
955 1068 1107 1147 inaequalis
1126 1079 1156 1131 ct
1179 1074 1312 1137 visibilis.

237 1155 315 1228 1,11
336 1160 437 1234 etseq.
458 1154 657 1213 Noumerum
685 1151 850 1232 collegium.
878 1153 918 1211 15
942 1167 1003 1235 req.
1027 1151 1097 1231 Ejus
1121 1154 1219 1232 signa,
1248 1159 1316 1234 qui-

235 1233 292 1294 bus
318 1254 334 1294 a
358 1235 443 1295 sectis
465 1233 671 1293 baereticorum
699 1232 904 1314 distinguitur.
932 1235 971 1294 15
996 1232 1034 1294 66
1065 1235 1115 1293 90.
1144 1235 1213 1312 Ejus
1236 1239 1317 1318 regi·

235 1334 304 1378 men
333 1316 529 1377 necessarium
559 1322 589 1374 et
615 1313 700 1393 quale
730 1317 779 1376 sit.
815 1316 870 1390 91,
906 1315 976 1395 Ejus
1004 1315 1163 1393 imperium
1195 1316 1318 1380 distinc-

235 1404 300 1458 tum
327 1397 443 1460 acivili
468 1403 610 1475 potestate
637 1404 667 1455 et
691 1401 764 1476 Rep.
796 1397 834 1456 15
863 1415 924 1480 seq.
956 1397 1074 1475 imperii
1102 1396 1146 1457 vis
1172 1405 1202 1456 ct
1228 1401 1316 1462 ratio.

237 1482 275 1541 15
305 1483 419 1562 etseq.
447 1479 483 1541 91
517 1496 578 1561 sep.
608 1477 677 1555 Ejus
710 1479 867 1619 imperium
899 1497 959 1538 non
993 1477 1223 1541 democraticum
1257 1491 1316 1559 est,

236 1563 288 1638 96,
312 1580 408 1640 neque
430 1559 690 1634 aristodemum,
715 1579 747 1620 se
791 1556 1026 1621 moacrcbicom.
1051 1563 1091 1621 91
1116 1569 1226 1644 etseq.
1250 1563 1319 1641 Ejus

233 1643 282 1720 jus
310 1641 536 1703 administrandi
566 1659 647 1701 sacra
676 1647 706 1699 et
731 1641 842 1700 divina.
873 1643 920 1714 11,
948 1643 967 1700 8
997 1659 1027 1702 se
1052 1685 1059 1699 .
1092 1649 1122 1701 et
1150 1644 1201 1702 19.
1236 1645 1319 1706 Fidei

236 1725 403 1802 depositum
431 1721 570 1784 custodit.
590 1723 661 1782 968.
688 1724 818 1782 Potestas
844 1741 860 1781 a
885 1721 1001 1782 cbristo
1025 1661 1093 1782 leta
1115 1726 1268 1785 exterioris
1290 1735 1320 1786 et

235 1806 387 1866 interioris
412 1805 481 1865 iuri.
516 1805 535 1864 9
563 1821 625 1886 aeq.
649 1804 726 1880 919,
755 1804 815 1864 919
842 1820 872 1864 ae
896 1847 904 1862 .
931 1803 1063 1866 Ecclesiae
1086 1806 1235 1867 coercitio.
1259 1808 1318 1884 90,

234 1889 308 1948 919.
331 1906 392 1970 seq.
419 1883 643 1948 Animadversio
666 1884 697 1944 iu
724 1885 847 1944 erimina
873 1822 949 1962 lta,
975 1887 1047 1946 951.
1074 1889 1204 1948 Potestas
1230 1889 1320 1968 spiri-

234 1966 330 2028 tuales
352 1987 385 2028 ac
413 1965 589 2045 temporales
613 1981 713 2045 poenas
741 1964 998 2046 inligamenta,
1022 1970 1083 2029 995
1101 1986 1163 2051 seq.
1184 1969 1319 2032 Ecclesiae

232 2048 381 2127 judicium
405 2047 466 2109 16111
498 2047 640 2108 nescium.
666 2047 739 2108 911.
765 2048 822 2123 Qui
850 2049 999 2110 ecclesiam
1026 2051 1216 2113 constituant.
1244 2049 1318 2114 dic.

236 2133 285 2191 An
305 2130 337 2190 in
353 2131 453 2208 paucis
479 2129 611 2190 residere
632 2129 688 2190 boc
709 2128 855 2208 judicium
879 2132 981 2211 possit.
999 2132 1061 2194 915
1078 2150 1140 2214 aeq.
1158 2135 1205 2194 An
1224 2132 1319 2211 plebis

235 2229 396 2272 consensus
417 2211 607 2272 necessarius.
632 2212 691 2272 917
715 2213 983 2293 aeq.1lnecclesiac
1005 2213 1151 2292 judicium
1178 2214 1319 2277 uniuscu-

231 2292 342 2371 jusque
358 2293 484 2352 examini
504 2291 730 2370 subjiciendum.
758 2293 830 2354 919.
858 2297 904 2356 An
928 2295 1062 2355 omnium
1083 2313 1240 2356 consensus
1264 2297 1318 2359 ab·

234 2374 330 2434 solute
349 2373 496 2434 unanimis
511 2373 550 2432 sit
568 2375 759 2434 necessarius.
788 2376 849 2435 950
866 2394 927 2458 aeq.
954 2379 1000 2437 An
1022 2375 1151 2438 ccclesiae
1170 2377 1317 2454 judicium

234 2473 409 2516 consensum
440 2456 573 2534 requirat
596 2455 717 2516 secundi
751 2456 864 2518 ordinis
889 2457 1144 2538 presbyterorum.
1169 2460 1241 2521 919.
1271 2466 1317 2523 An

233 2539 354 2598 ecclesia
372 2555 425 2615 per
440 2537 543 2596 orbem
558 2536 664 2597 diffusa
687 2538 796 2597 erroris
817 2556 932 2617 expers.
952 2542 1023 2615 951,
1047 2542 1118 2601 959.
1144 2543 1178 2601 16
1197 2541 1317 2605 ecclesia

233 2637 352 2697 semper
362 2624 477 2678 exstare
491 2617 580 2676 debet
587 2618 732 2696 judicium
745 2618 805 2678 falli
816 2621 959 2680 nescium.
973 2623 1035 2681 950
1046 2640 1107 2704 seq.

276 2700 402 2762 Ecclesia
417 2703 547 2760 Romana
561 2701 680 2760 unitatis
694 2707 828 2760 centrum
844 2708 874 2760 et
886 2708 974 2780 caput
984 2703 1118 2762 omnium
1127 2703 1315 2766 ecelesiarum

232 2781 1313 2865 lstwmfflbwdmfflmmmmmmmm

233 2872 263 2924 et
283 2863 453 2942 conjunctio
476 2864 609 2924 omnium
639 2862 826 2924 ecclesiarum
852 2860 925 2925 ibid.
952 2866 1030 2941 Quid
1058 2865 1096 2924 ad
1124 2883 1188 2926 cam
1215 2878 1315 2928 osten-

231 2944 362 3007 dendam
394 2945 425 3004 in
456 2945 570 3023 synodo
603 2946 720 3007 Nicaeae
756 2952 916 3022 statutum,
940 2946 1012 3024 quid
1044 2945 1181 3025 deinceps
1217 2956 1315 3010 actum

231 3028 334 3089 luerit.
349 3027 421 3089 965.
435 3027 558 3103 Reliqua
571 3027 640 3087 vide
655 3031 692 3089 V.
706 3026 799 3087 Ponti
814 3045 850 3086 ca
864 3028 1030 3089 Romanas.

274 3108 411 3170 Ecclcsiae
428 3106 612 3187 significatio.
632 3112 655 3169 1.
679 3109 749 3171 599.
774 3110 795 3169 0
836 3109 1009 3169 istianorom
1029 3109 1158 3171 ecelesia
1182 3116 1211 3170 et
1234 3112 1314 3173 varia

233 3208 337 3251 carum
353 3190 482 3249 uomina.
503 3192 564 3251 600
575 3208 635 3273 sep.
657 3194 702 3252 An
718 3189 870 3251 christiani
885 3190 971 3251 initio
991 3190 1151 3252 habuerint
1168 3190 1313 3255 ecclesias.

231 3269 305 3332 ibid.
326 3272 501 3349 Simplicitas
526 3272 647 3333 atinde
672 3271 811 3349 splendor
836 3272 1025 3333 ecclesiarum
1045 3293 1063 3333 a
1085 3273 1233 3353 prioribus
1258 3293 1314 3335 sae-

231 3353 1312 3431 cfflmmmmfflmssffim.memmfflmfflb

231 3439 336 3497 Partes
351 3433 506 3495 interiores
524 3453 685 3514 carumque
706 3372 876 3496 distributio
898 3437 959 3496 606
985 3456 1046 3519 seq.
1069 3436 1210 3499 Nartbex.
1234 3438 1311 3515 606,

230 3518 304 3578 607.
332 3517 430 3577 Naris.
458 3517 528 3577 607.
558 3516 763 3579 sanctuarium
785 3515 856 3579 ibid.
874 3518 960 3595 Apsis
981 3526 1011 3579 et
1029 3518 1113 3580 sedes
1137 3518 1264 3600 episcopi
1283 3530 1312 3582 et

229 3596 460 3678 presbyterium.
480 3598 551 3658 608.
576 3600 649 3676 dre,
672 3600 733 3659 sive
758 3598 859 3658 altare.
890 3602 963 3661 609.
986 3601 1136 3664 ciborium
1162 3610 1193 3662 ct
1220 3605 1310 3680 crux,

229 3678 777 3841 llllq⁰s⁰.ll¹¹llll.⁸l⁰⁸b⁶a¹⁰..l'
800 3682 1308 3827 ttrdtlltttdtlttlttl·

230 3831 875 3923 &Mmfflmmmffluffifflbffib

270 3924 465 3985 Ecclesiarum
481 3926 671 3999 consecratio,
690 3924 810 4003 ejusque
828 3927 904 3989 ritus
922 3928 1085 4006 etantiqua
1108 3934 1138 3985 ct
1157 3944 1230 3985 nora
1250 3925 1312 3986 dis-

229 4006 350 4085 ciplina.
367 4009 390 4067 l.
414 4006 472 4065 617
492 4023 553 4086 seq.
570 4008 615 4067 dn
635 4006 713 4067 idem
733 4025 902 4069 consecrare
916 4018 947 4070 et
961 4008 1109 4070 dedicare.
1130 4007 1189 4066 619
1204 4013 1231 4065 61
1246 4025 1308 4088 seq.

229 4088 320 4165 Cujus
342 4088 380 4147 sit
400 4088 550 4147 ecclesiam
572 4106 756 4163 consecrare,
783 4090 902 4167 quando
923 4089 1054 4152 iacienda
1077 4087 1254 4149 consecratio
1281 4098 1311 4149 ct

230 4188 303 4231 num
319 4168 459 4245 ecclesia,
474 4177 524 4228 aut
538 4169 637 4230 altaris
651 4171 844 4245 consecratio,
862 4170 994 4231 iteranda
1008 4171 1056 4230 sit.
1073 4169 1144 4228 619.

336 4274 412 4319 roa.
445 4274 478 4318 u.
1165 4248 1212 4321 90
