3575 5625
897 631 1118 702 -tuu-

473 781 543 855 foro
583 780 707 854 solutus
743 805 879 852 censura
924 797 993 870 est,
1034 805 1103 852 non
1149 779 1228 850 item
1259 780 1295 850 in
1335 776 1437 850 altero
1479 777 1551 851 foro

473 877 597 950 solutus
621 878 772 950 hebetur.

521 973 552 1074 ς.
589 976 649 1046 ΙΙΙ.
696 975 842 1072 Abrcgut
877 991 988 1047 nutem
1028 972 1181 1071 tollitque
1224 998 1373 1044 censuras
1420 971 1549 1064 tudes,

472 1075 529 1167 qui
568 1073 697 1144 eusdem
737 1073 877 1164 inflixit,
915 1088 971 1144 eut
1010 1073 1080 1170 ejus
1113 1075 1149 1142 in
1185 1095 1321 1142 munere
1365 1095 1550 1158 successor,

472 1184 529 1239 unt
553 1170 732 1265 deleguus,
758 1187 815 1240 unt
840 1173 988 1268 superior
1015 1169 1081 1265 (1).
1112 1167 1197 1253 Quae
1225 1193 1302 1240 rero
1330 1193 1348 1238 a
1377 1166 1450 1262 lege
1473 1187 1552 1241 sunt

472 1270 658 1340 constitute
702 1268 754 1342 vel
797 1268 839 1338 ab
877 1270 1048 1365 episcope,
1081 1266 1132 1337 rel
1168 1268 1267 1337 etium
1301 1292 1319 1335 u
1359 1263 1551 1353 secerdote,

473 1367 531 1459 qui
566 1382 759 1462 potestatem
790 1364 891 1438 hebet
925 1364 1174 1436 administrandi
1202 1377 1440 1434 sacromentum
1473 1389 1552 1460 poe-

472 1464 640 1552 nitentior,
677 1463 747 1536 tolli
781 1479 918 1560 possunt
952 1463 1030 1560 (2)3
1069 1460 1158 1533 unde
1188 1460 1256 1531 sere
1281 1459 1440 1554 generalis
1472 1485 1551 1532 om-

471 1561 565 1631 nium
603 1586 816 1632 censurarum
849 1560 1011 1632 absolutio
1045 1561 1203 1656 proemitti
1230 1559 1322 1629 solet.
1363 1556 1430 1628 Sed
1455 1583 1553 1654 pres·
1680 1631 1681 1636 ,

473 1655 571 1755 byter
607 1684 774 1730 removere
804 1665 918 1756 nequit
950 1681 1116 1746 censuros,
1156 1680 1231 1754 quae
1268 1679 1398 1728 summo
1435 1656 1553 1728 Ponti-

471 1750 549 1845 fici,
591 1771 649 1826 aut
690 1760 840 1854 episcopo
873 1771 1042 1828 reservate
1086 1769 1184 1843 sunt,
1232 1754 1293 1824 nisi
1340 1755 1370 1824 ei
1414 1752 1553 1824 facultas

473 1847 543 1922 brec
564 1855 731 1950 speciatim
750 1879 900 1926 concessu
928 1853 1037 1925 fuerit.

513 2050 555 2131 (t)
578 2054 651 2134 Cup.
669 2054 709 2112 20
726 2051 762 2113 de
775 2048 849 2134 offic.
865 2048 938 2133 jud.
955 2050 1055 2113 ordin.
1079 2051 1155 2112 Vide
1169 2049 1259 2111 etism
1279 2003 1435 2110 obuoilium
1456 2049 1553 2112 Nice·
1680 2031 1681 2116 s

472 2151 543 2192 uum
556 2152 625 2195 cau.
639 2136 657 2194 o·
672 2140 743 2195 tom.
757 2137 771 2194 t
786 2131 893 2194 concil.
909 2129 964 2194 coi.
981 2135 1020 2194 55
1032 2129 1145 2194 collect.
1159 2132 1279 2194 Lubbei.
1680 2135 1681 2140 ’

513 2213 554 2294 (2)
577 2217 650 2296 Cup.
667 2217 705 2276 29
723 2214 759 2278 de
771 2224 898 2278 tentent.
912 2232 1098 2278 excommun.

519 2392 550 2490 ς.
580 2390 964 2464 1V.Excommunicui0
999 2394 1108 2464 minor
1136 2418 1154 2462 u
1184 2393 1298 2489 quovis
1332 2391 1550 2490 presbytero,

471 2514 532 2586 pro
576 2488 772 2586 excipiendis
820 2490 1075 2562 confessionibus
1121 2489 1320 2587 approbato,
1371 2487 1442 2561 tolli
1493 2515 1552 2587 po-

470 2602 533 2658 test
560 2586 639 2684 (1);
668 2600 701 2657 et
731 2587 836 2684 quiris
864 2586 1057 2688 presbyter,
1089 2589 1214 2658 etiamsi
1245 2585 1448 2754 ppprobetus
1483 2613 1551 2660 non

472 2684 590 2775 fuerit,
624 2687 660 2755 in
693 2685 830 2757 articulo
864 2688 1000 2776 mortis,
1036 2702 1072 2756 ut
1098 2684 1249 2756 dimitteu
1277 2687 1287 2754 i
1324 2701 1474 2782 peccatu,
1508 2688 1554 2756 itu

470 2781 635 2855 relaxandi
672 2806 821 2854 censuros
859 2781 958 2855 hebet
990 2796 1183 2879 potestatem
1221 2783 1289 2880 (2).
1330 2781 1454 2854 Verum
1494 2785 1555 2880 qui

470 2882 514 2951 itu
554 2880 693 2953 absoluti
734 2897 831 2972 sunt,
873 2881 1001 2953 subluto
1041 2884 1155 2953 mortis
1197 2880 1363 2979 periculo,
1406 2882 1444 2949 in
1485 2906 1553 2978 quo

472 2995 566 3051 untes
611 2978 838 3069 versabuntur,
879 2980 990 3050 sistere
1022 3004 1056 3049 se
1090 2979 1239 3051 Romano
1277 2978 1456 3067 Pontifici,
1494 2994 1553 3049 cut

471 3076 541 3171 ejus
576 3076 682 3171 legato
716 3074 840 3147 debent
871 3076 1024 3147 mundata
1063 3080 1247 3174 accepturi3
1275 3101 1367 3147 secus
1399 3074 1551 3146 eumdem

470 3174 839 3245 excommunicationem
877 3173 1077 3246 contrahunt
1119 3174 1187 3269 (ὅ).
1236 3172 1302 3245 Sed
1342 3189 1376 3243 et
1414 3176 1451 3243 in
1491 3176 1551 3263 iis,

472 3295 548 3434 pum
584 3294 714 3341 summo
757 3269 912 3343 Pontifici
964 3286 1121 3343 reservutu
1165 3286 1263 3359 sunt,
1310 3296 1402 3342 suum
1453 3272 1555 3342 inter·
1680 3288 1681 3354 g

497 3393 554 3436 um
594 3370 764 3462 episcopus
803 3383 997 3464 potestutem
1045 3382 1185 3440 exercet.
1233 3366 1317 3440 Num
1358 3360 1428 3464 ip'se
1478 3393 1555 3440 suos
1680 3390 1681 3423 ³

470 3462 617 3534 subditos
653 3461 790 3533 ubsolrit
827 3491 845 3535 u
884 3465 1008 3537 ossibus
1043 3464 1177 3537 occultis
1216 3464 1372 3538 Pontifici
1406 3491 1555 3537 reserru-
1680 3512 1681 3555 3

472 3563 512 3629 tis
557 3560 633 3657 (d),
677 3560 829 3657 tollitque
871 3586 1023 3633 censuros
1063 3565 1162 3632 etium
1205 3562 1306 3661 Pnpae
1354 3579 1553 3653 reservatus,
1680 3566 1681 3647 ᾖ

472 3655 591 3753 quibos
628 3658 773 3730 obstricti
808 3674 887 3731 sunt
919 3660 962 3749 ii,
997 3660 1054 3757 qui
1085 3658 1271 3732 Romanum
1300 3662 1361 3732 iter
1388 3663 1555 3759 suscipere
1680 3672 1681 3754 ζ

471 3770 662 3851 nequeunt,
715 3756 826 3853 quoles
877 3773 955 3829 sunt
1004 3756 1177 3848 mulieres,
1223 3784 1335 3849 senes,
1393 3755 1553 3829 valetudi·
1680 3764 1681 3796 ⁴

475 3854 558 3922 nasi
584 3852 654 3950 (5).

514 4037 556 4117 (t)
574 4039 682 4101 Confer
702 4036 855 4100 Gir-ddum
871 4056 972 4120 expos.
983 4038 1053 4122 jur.
1078 4037 1196 4122 Pontis.
1215 4056 1285 4123 por.
1312 4043 1324 4101 t
1345 4036 1397 4101 lib.
1416 4038 1497 4101 dtis,
1516 4041 1558 4100 59

474 4121 964 4282 secp‘fifigssbqrbigbudmunum
975 4220 1047 4265 seeo.
1066 4206 1104 4265 tt
1116 4202 1151 4267 de
1165 4221 1296 4265 socrum.
1308 4202 1415 4284 posuit.
1433 4220 1502 4282 cup.
1521 4203 1554 4263 7,
1680 4219 1681 4230 1
