3575 5625
927 621 1150 692 -278-

498 771 613 868 aliquis
656 767 765 865 legere
801 769 946 840 curiosus
982 782 1081 866 atque
1115 766 1307 866 imprudens
1339 784 1415 838 eta
1450 771 1551 868 quibus

497 867 588 940 inlici
616 891 727 940 errore
768 879 888 964 potest.
925 863 999 951 Qua
1028 871 1066 936 in
1108 892 1144 937 re
1177 864 1307 937 eeclesia
1337 891 1404 937 nou
1441 883 1551 938 tantum

496 968 652 1064 prospicit
686 979 721 1036 et
758 963 899 1036 consulit
937 962 1032 1034 saluti
1067 978 1166 1060 atque
1207 962 1338 1034 utilitati
1380 963 1553 1037 christiano·

497 1090 587 1152 rum,
610 1059 784 1134 sedetiam
813 1061 855 1131 ab
872 1063 999 1156 impetu
1027 1077 1126 1158 atque
1147 1059 1257 1132 lurore
1280 1057 1480 1156 perditorum
1502 1061 1554 1134 ho·

497 1163 626 1230 minum
658 1160 792 1230 virtutes
830 1157 973 1229 vindieat
1008 1173 1043 1228 et
1074 1160 1243 1230 veritatem
1282 1161 1484 1228 sanctissimae
1509 1183 1554 1228 re-

495 1257 644 1352 ligionis,
678 1281 778 1353 quam
818 1259 845 1325 ai
882 1255 944 1326 Dei
979 1253 1039 1326 lilii
1078 1281 1146 1327 esse
1190 1256 1359 1343 volumus,
1405 1259 1552 1342 reuereri,

495 1353 650 1450 diligere,
693 1356 798 1424 vereri
831 1351 1002 1424 debemus.
1039 1353 1092 1423 Au
1128 1377 1196 1424 non
1241 1351 1385 1424 eoolesiae
1424 1356 1552 1423 teatino·

496 1453 553 1523 nio
589 1467 624 1522 et
658 1452 849 1522 auctoritate
888 1451 973 1521 tueri
1014 1465 1144 1546 oportet
1178 1452 1401 1540 sanctitatem,
1442 1475 1475 1519 ae
1508 1475 1554 1518 re·

494 1551 626 1620 ritatem
670 1545 858 1644 religionis?
888 1573 932 1617 un
972 1570 1040 1617 non
1074 1549 1191 1618 merito
1227 1571 1362 1618 censura
1395 1561 1551 1632 notantur,

496 1649 555 1744 qui
580 1671 652 1718 erm
678 1644 755 1718 odio
785 1643 933 1735 habeut,
960 1659 1204 1734 oontemnunt,
1234 1641 1402 1716 irridenti

481 1871 486 1881 .
535 1817 579 1900 (1)
601 1822 767 1898 Utrumque
789 1819 845 1880 boe
869 1825 1077 1900 argumentum
1102 1819 1162 1878 late
1186 1825 1216 1878 et
1238 1819 1358 1898 egregie
1386 1817 1553 1896 persequitur

456 1923 460 1928 ·
495 1900 631 1964 manua
653 1898 708 1962 loo.
735 1899 785 1961 eit.
805 1898 857 1961 lib.
881 1898 1037 1962 fidiasrrt.
1066 1902 1081 1960 1
1110 1918 1177 1980 rap.
1209 1902 1241 1975 l,
1266 1902 1333 1959 tet
1356 1902 1392 1976 5,
1419 1899 1467 1962 ubi
1483 1899 1554 1960 etiam

495 1990 688 2046 reornantur
697 1981 786 2058 libri,
796 1999 925 2060 quorum
939 1981 1025 2043 lectio
1037 1981 1144 2042 merito
1158 1979 1355 2059 improbatur.

545 2126 576 2226 ς.
607 2126 669 2198 lll.
702 2126 813 2224 Atque
851 2126 906 2198 hio
943 2151 1019 2198 sane
1050 2152 1120 2200 mos
1151 2127 1214 2198 luit
1251 2125 1461 2198 hebraeorum
1494 2123 1554 2220 (i),

496 2223 704 2296 ethnicorum
727 2223 804 2320 (ἃ),
844 2239 1006 2296 sectarum
1040 2227 1188 2303 omnium
1216 2224 1291 2320 (5),
1328 2223 1477 2295 emedio
1500 2221 1554 2292 tol·

495 2321 583 2411 lere,
625 2337 725 2420 atque
757 2323 856 2393 etiam
895 2322 1089 2393 oomburere
1121 2321 1241 2410 libros,
1273 2322 1331 2418 qui
1358 2347 1473 2393 eorum
1497 2317 1557 2388 reli·
1644 2387 1645 2408 ,

496 2421 606 2516 gioni,
645 2418 780 2490 bonisre
815 2417 961 2490 moribus
999 2417 1259 2491 adversarentur.
1291 2417 1456 2488 Nimirum
1485 2429 1557 2487 reete
1643 2489 1645 2494 ,

498 2541 614 2590 omnes
648 2513 893 2612 intelligebant,
966 2531 1102 2588 uantum
1139 2515 1270 2611 religio,
1303 2532 1465 2612 quantum
1495 2535 1559 2582 mo·
1644 2575 1645 2590 r

498 2639 569 2703 rer,
602 2630 702 2710 atque
730 2615 800 2710 ipsa
828 2543 1011 2709 respublica
1046 2629 1177 2711 caperet
1208 2611 1404 2684 detrimenti
1436 2637 1472 2682 ex
1500 2609 1558 2679 leo·
1643 2629 1645 2680 t

497 2714 588 2784 tione
625 2711 804 2800 librorum,
836 2711 956 2807 quiin
992 2713 1141 2782 omnium
1180 2709 1330 2780 manibus
1366 2713 1498 2878 impune
1530 2727 1561 2774 ao
1643 2687 1645 2714 ³

498 2811 568 2881 sine
593 2807 722 2881 delectu
747 2824 965 2882 versarentur.
999 2809 1053 2880 An
1084 2834 1152 2881 nou
1186 2805 1353 2880 catholicis
1394 2800 1559 2879 ebibenda
1643 2814 1644 2819 ’

499 2910 562 2979 erit
609 2910 715 2979 nautio
756 2922 826 2977 tam
868 2906 1034 2997 salutaris,
1080 2922 1149 2977 tam
1193 2908 1392 2997 necessaria,
1441 2901 1560 3003 probata
1642 2898 1643 2903 ’

499 3030 658 3077 consensu
690 3004 826 3077 Patrum
855 3004 918 3173 g)
952 3020 986 3075 et
1024 3003 1165 3075 eeclesiae
1205 3003 1377 3103 disciplina
1414 3004 1485 3098 (5),
1526 3020 1559 3067 ue

500 3105 574 3200 quia
614 3128 730 3175 eorum
765 3101 855 3173 abstr
898 3117 971 3173 atur
1015 3126 1034 3171 a
1064 3104 1220 3190 veritate,
1261 3124 1336 3197 que
1380 3118 1505 3173 tantum
1532 3096 1559 3163 it
1639 3168 1640 3171 ,

501 3200 657 3272 catholiea
682 3199 815 3272 eeclesia
844 3216 906 3272 eat.

540 3368 583 3451 (1)
604 3371 709 3431 Narrat
723 3370 847 3431 ttiebael
867 3370 948 3433 (illos
966 3372 1031 3453 ap.
1049 3389 1122 3433 aaa.
1138 3388 1210 3453 pop.
1233 3370 1293 3432 tut
1308 3368 1355 3433 ed.
1376 3367 1480 3432 Poris.
1495 3365 1559 3429 toto

498 3452 533 3512 in
553 3454 582 3511 B
603 3458 686 3511 root.
708 3447 779 3512 tor.
803 3448 927 3519 oolloet.⁸
947 3450 999 3531 qui
1020 3452 1178 3515 Eusebium
1198 3452 1316 3530 laudat,
1338 3452 1424 3531 quod
1442 3447 1561 3512 Ezechias

500 3536 564 3595 Rex
581 3468 673 3593 libros
688 3531 815 3610 aliquot,
838 3534 889 3611 qui
914 3533 1062 3595 Salomoni
1080 3534 1305 3612 tribuebantur,
1319 3534 1456 3595 oomburi
1472 3531 1560 3610 jussit,

499 3630 539 3674 ne
553 3612 628 3674 lorte
642 3613 766 3692 populus
778 3632 814 3675 ex
827 3631 931 3675 eorum
943 3614 1068 3678 lectione
1081 3616 1113 3677 iu
1126 3615 1320 3679 idololatriam
1335 3622 1502 3695 raperetur.
1515 3608 1561 3672 Sed
1633 3658 1634 3661 ,

375 3763 378 3767 A
498 3702 609 3773 quanta
624 3696 655 3754 in
670 3693 815 3757 librorum
829 3695 955 3757 lectione
969 3697 1065 3758 nautio
1083 3706 1159 3759 esset
1172 3706 1202 3759 et
1217 3697 1343 3776 provisio
1365 3698 1561 3765 Hebraeorum,

499 3775 631 3837 ostendit
648 3776 680 3835 in
694 3776 798 3853 primis
810 3776 917 3858 agendi
931 3779 1024 3855 ratio,
1043 3798 1109 3858 que
1129 3780 1160 3839 iu
1178 3780 1248 3859 ipsis
1264 3778 1354 3841 saeris
1371 3777 1477 3839 Bibliis
1489 3774 1562 3835 adhi-

500 3857 636 3919 bebatur.
652 3856 801 3919 Nimirum
818 3858 1033 3935 adoleaeeutes‚
1050 3861 1102 3939 qui
1120 3860 1252 3922 nondum
1271 3860 1462 3939 trigesimum
1485 3856 1564 3917 utatis

499 3956 611 4000 annum
624 3938 794 4019 attigerant,
809 3940 853 4001 uti
866 3940 970 4001 soribit
983 3942 1154 4021 Hieronym.
1170 3959 1294 4023 prooem.
1310 3942 1343 4001 in
1357 3950 1515 4002 comment.
1531 3935 1564 3999 ud

498 4016 606 4083 emt.
622 4039 691 4103 opp.
709 4027 780 4082 tom.
802 4018 890 4083 boul.
911 4018 991 4083 dod.
1012 4022 1075 4101 eit,
1093 4032 1144 4085 aut
1164 4025 1260 4103 potius
1284 4040 1320 4083 en
1342 4022 1489 4103 vigesimo
1501 4036 1564 4083 anno

499 4122 560 4165 nou
579 4110 775 4177 exemerunt,
790 4104 835 4163 uti
855 4102 948 4164 tradit
966 4104 1124 4187 Gregorius
1143 4104 1340 4167 Nazianzenus
1365 4102 1487 4187 apotoy.
1506 4120 1562 4183 app.

498 4192 568 4247 tom.
592 4188 699 4267 tpop.
719 4186 756 4247 il
779 4183 827 4247 od.
850 4181 916 4248 Fol.
938 4186 1033 4265 turo,
1058 4186 1156 4265 legere
1177 4204 1236 4248 non
1260 4185 1401 4247 sinebant
1419 4186 1562 4259 Genesim,
