3575 5625
677 611 897 682 -147-

244 757 356 828 eulure
387 756 500 828 multis
523 758 558 828 in
589 755 667 829 loeis
694 757 795 828 latins
825 758 957 854 lingue,
987 757 1123 830 bnrbnru
1152 774 1264 830 tamen
1290 773 1325 827 et

244 854 415 927 ineunditn
444 857 561 926 utitur.

287 1028 315 1104 (1
354 1023 690 1108 L.l8ff.derejuclit.

289 1105 321 1186 (9
354 1111 385 1168 S.
411 1109 592 1189 Augustinus
608 1105 644 1169 de
660 1105 750 1170 civit.
773 1105 835 1168 Dei
856 1103 907 1169 lib.
931 1110 968 1168 19
986 1126 1052 1192 cup.
1077 1111 1096 1170 7
1115 1126 1185 1190 opp.
1210 1117 1283 1170 terri.
1305 1111 1323 1169 7

247 1183 306 1247 cut.
321 1189 376 1248 561
395 1189 443 1249 cit.
460 1187 529 1250 ertit.
555 1191 654 1252 Venet.

289 1267 333 1348 (5)
355 1270 388 1329 t.
414 1273 451 1330 19.
476 1268 539 1331 rud.
562 1269 597 1330 de
615 1271 734 1330 Sontes.
759 1277 787 1330 et
810 1265 949 1353 interlnq.
969 1271 1064 1346 Qunrn
1084 1270 1180 1351 legem
1204 1269 1324 1349 quidun

245 1367 392 1430 pugnare.
403 1352 551 1412 existimat
573 1367 639 1411 eum
663 1349 734 1412 dict.
760 1352 831 1434 leq.
857 1353 916 1428 ts,
943 1351 997 1412 sed
1018 1369 1121 1413 revere
1142 1350 1224 1412 nnlln
1251 1351 1327 1412 inter

187 1511 191 1516 ⁵
247 1439 405 1510 utrumque
419 1441 585 1512 pugnuest.
1330 1444 1341 1466 ·

298 1582 328 1682 l.
357 1584 417 1656 lll.
455 1585 561 1658 Noctu
603 1611 735 1682 quoque
771 1585 889 1658 'udicis
922 1588 1064 1658 exerceri
1094 1603 1151 1656 nut
1190 1602 1326 1657 senten·

246 1683 309 1752 tias
355 1681 433 1752 lerri
473 1697 587 1751 vetunt
628 1682 715 1776 leges
752 1613 984 1754 'ltomrnnrurn
1026 1682 1100 1778 (1),
1146 1681 1236 1778 qnod
1274 1685 1328 1780 jus

244 1777 388 1874 prolluit
418 1805 435 1847 a
462 1777 589 1872 legibus
620 1777 684 1848 Xll
721 1779 923 1849 Tabularum
948 1777 1015 1875 (ἢ).
1052 1779 1138 1850 Num
1164 1779 1327 1876 quidquid

235 1875 351 1973 judex
396 1877 480 1969 agit,
522 1899 589 1945 non
624 1877 658 1945 in
703 1875 864 1964 tenebris,
903 1874 960 1946 sed
996 1875 1103 1972 palem
1147 1891 1248 1972 utque
1293 1877 1327 1944 in

244 1973 402 2042 omniurn
443 1970 516 2041 luce
551 1996 643 2065 agere
682 1969 792 2043 debet.
836 1973 865 2042 A
900 1971 980 2043 lure
1012 1973 1096 2043 civili
1129 1975 1325 2043 canonicum

243 2092 319 2138 non
343 2065 468 2136 abludit
495 2069 567 2164 (5);
603 2068 659 2140 sed
684 2084 796 2140 tumen
828 2068 977 2167 exempla
1014 2094 1082 2140 non
1119 2069 1238 2140 desunt
1261 2071 1325 2167 ju·

246 2163 430 2255 (liciorum,
470 2191 549 2261 quae
583 2182 682 2238 noetu
722 2183 811 2260 gestu
851 2168 916 2236 rinr
958 2183 993 2238 et
1036 2169 1160 2237 exitum
1196 2165 1324 2238 habue-

247 2277 328 2333 runt
356 2261 423 2358 (4).
454 2261 553 2335 Certo
577 2266 675 2335 etiam
702 2264 737 2334 in
770 2263 864 2352 loeo,
898 2265 934 2334 in
962 2289 1029 2360 quo
1053 2266 1109 2362 jus
1137 2262 1201 2336 tliei
1226 2262 1322 2350 solet,

245 2362 408 2430 sententia
444 2359 578 2432 ferenda
604 2377 653 2432 est
692 2361 765 2457 (5)3
805 2361 862 2432 sed
894 2360 946 2430 his
982 2365 1019 2431 in
1050 2361 1148 2431 rebus
1179 2376 1324 2456 spectare

247 2454 345 2526 decet
368 2455 515 2528 locorum
539 2458 829 2546 consuetudinem
865 2474 899 2528 et
925 2460 996 2556 jum
1022 2457 1188 2554 plerisque
1216 2461 1251 2528 in
1278 2455 1326 2528 lu-

246 2556 294 2624 eis
317 2552 499 2626 subtiliores
526 2555 579 2628 hae
603 2555 823 2628 solemnitates
848 2553 910 2628 lori
933 2581 994 2626 usu
1021 2554 1157 2627 sublate
1183 2569 1275 2626 sunt.

291 2723 334 2805 (1)
356 2727 426 2786 1..1
457 2723 484 2806 S.
509 2729 527 2788 8
550 2723 584 2808 ff.
608 2725 718 2804 Quane
743 2723 867 2810 appell,
888 2723 996 2788 Nnnel.
1025 2727 1064 2788 82
1088 2746 1116 2788 e.
1143 2729 1175 2789 6.
1202 2725 1327 2788 Consule

247 2811 373 2869 Petrum
389 2807 516 2869 Fnbrunr
528 2810 666 2869 Semestr.
683 2807 733 2870 lib.
747 2811 766 2870 2
780 2829 805 2869 e.
823 2809 854 2869 9.

291 2886 333 2967 (7)
356 2893 391 2949 Α.
415 2890 524 2951 Gellius
540 2892 625 2951 Nost.
646 2892 735 2952 Attis.
751 2888 802 2950 tib.
829 2890 867 2950 17
882 2908 950 2971 αφ.
971 2892 991 2951 9
1010 2909 1045 3031 ἕ.
1073 2890 1134 2951 925
1160 2886 1324 2971 161996.

247 2974 362 3031 Batnv.
387 2972 484 3046 1666;
510 2975 616 3033 Seneeu
639 2970 675 3032 de
693 2974 748 3032 Ira
770 2968 822 3032 lib.
852 2974 931 3031 sca
954 3014 963 3030 .
990 2974 1004 3032 l
1050 2979 1079 3034 et
1103 2972 1142 3032 19
1165 2988 1237 3051 paq.
1267 2972 1326 3032 rut

247 3060 277 3112 et
294 3048 414 3111 19616.
436 3050 557 3113 Amstel.
577 3054 667 3115 1679.
689 3053 796 3115 Confer
814 3056 883 3113 Raev
940 3070 990 3110 urn
1006 3051 1058 3113 nd.
1086 3053 1120 3111 L.
1140 3054 1197 3112 Xll
1220 3048 1326 3110 ranst.

246 3150 316 3211 cap.
333 3132 351 3191 7
387 3150 434 3214 ny.
455 3136 494 3193 11
514 3132 583 3195 edit.
603 3134 699 3215 neap.
723 3134 818 3209 1779,
830 3140 860 3192 et
875 3132 1043 3209 Scipionem
1058 3130 1205 3195 Gentilem
1218 3128 1254 3193 cle
1268 3131 1328 3193 Ju-

246 3210 328 3275 risd.
346 3151 396 3273 15.
412 3217 430 3273 9
445 3232 470 3274 e.
488 3216 526 3275 99
540 3234 608 3296 epp.
623 3221 693 3275 tom.
710 3216 728 3275 5
737 3232 811 3295 paq.
826 3214 882 3275 221
902 3210 972 3273 edit.
989 3214 1088 3296 Neup.
1105 3212 1198 3274 1761.

293 3294 325 3368 (5
359 3296 431 3375 Cap.
449 3296 488 3354 tt
503 3292 538 3357 de
554 3292 638 3378 offic.
655 3305 683 3355 et
694 3303 798 3377 potest.

293 3374 324 3455 (1
357 3376 513 3437 Suetonius
537 3377 571 3437 in
589 3378 722 3458 lunesto
745 3394 812 3457 cap.
833 3376 873 3437 55
892 3392 966 3457 paq.
986 3376 1049 3437 255
1066 3382 1088 3435 t.
1114 3376 1129 3437 1
1152 3370 1197 3438 «l.
1220 3374 1328 3437 Pittitcr

245 3454 423 3518 Leevnrdioe
442 3459 532 3519 1711.
552 3458 740 3539 Areopagites
760 3464 848 3518 nnetu
863 3456 1010 3534 judiuusse
1028 3464 1156 3533 constet,
1181 3464 1211 3519 et
1235 3458 1327 3518 multe

247 3544 322 3599 sunt
334 3539 466 3617 exemplu
485 3538 663 3617 judiciorum
682 3547 770 3600 noctu
792 3546 958 3620 gesturum,
979 3547 1031 3600 rut
1051 3556 1087 3600 ex
1104 3556 1245 3600 consensu
1264 3539 1327 3601 liti·

247 3619 401 3703 gnntium,
416 3628 467 3680 ant
481 3638 517 3680 ex
529 3621 658 3681 locurum
674 3621 897 3682 consuetudine.

293 3700 336 3782 (11)
357 3701 391 3761 t.
410 3700 527 3783 penult.
550 3698 584 3783 ff.
608 3700 642 3762 rle
661 3703 744 3764 lust.
770 3711 798 3765 et
810 3700 894 3783 jum
916 3702 951 3762 L.
972 3702 991 3762 6
1014 3699 1080 3763 cod.
1103 3698 1140 3763 de
1160 3702 1279 3763 senten.
1300 3708 1329 3760 et

246 3780 406 3867 inter-leq„
423 3784 523 3861 ibique
538 3784 650 3847 Glossn.

298 3940 328 4041 §.
358 3940 404 4013 X.
439 3938 543 4019 Porro
583 3943 741 4012 sententis
778 3938 877 4011 debet
911 3964 979 4010 esse
1012 3964 1089 4011 curn
1125 3937 1205 4011 lure
1244 3962 1327 4009 con·

245 4042 392 4115 sentiens
404 4078 417 4129 ·,
463 4040 607 4139 actisque
645 4054 680 4110 et
717 4038 861 4135 probatis
901 4061 1085 4132 congruens
1114 4035 1190 4131 (1),
1231 4050 1269 4103 ut
1301 4035 1327 4100 si

236 4141 308 4239 juri
347 4160 505 4237 expresso
540 4152 725 4236 repugnet,
760 4134 851 4209 nullu
882 4137 925 4207 sit
960 4135 1036 4233 (2);
1077 4136 1105 4207 si
1145 4151 1222 4201 vero
1256 4128 1329 4199 liti·
