3575 5625
575 705 578 712 v
678 667 872 739 -55-

292 817 322 917 ς.
353 817 430 888 ΧΠ.
461 815 658 888 Dividuutur
690 819 787 888 etiam
814 815 994 914 judiciuin
1021 817 1204 910 ordinaria,
1235 847 1308 920 quae

243 933 277 988 et
304 914 474 1006 solemnia,
500 932 599 1013 atque
621 917 656 986 in
692 917 885 1002 summaria,
917 941 990 1014 quae
1023 931 1057 987 et
1083 917 1310 992 extraordina-

243 1019 290 1087 ria
316 1014 537 1112 appellantur.
573 1012 746 1085 Ordinaria
771 1029 867 1104 sunt,
897 1013 931 1084 in
960 1013 1078 1112 quibus
1104 1032 1175 1088 aeta
1199 1021 1309 1090 omnia

242 1131 275 1184 et
300 1113 475 1204 solemnia,
514 1137 587 1210 quae
625 1113 660 1182 in
687 1109 816 1210 judiciis
845 1111 933 1207 leges
975 1115 1208 1210 praeibunt,
1254 1116 1312 1190 ob-

243 1227 431 1301 servantur,
458 1227 530 1282 tum
557 1214 592 1280 in
629 1213 686 1300 iis,
717 1235 791 1307 quae
819 1211 969 1280 intimam
998 1210 1114 1308 judieii
1140 1231 1309 1304 naturam,

245 1324 315 1380 tum
353 1313 390 1380 in
419 1311 478 1400 iis,
521 1333 597 1405 quae
629 1309 847 1380 solemnitates
886 1310 1065 1404 attingunt.
1130 1309 1312 1384 Summaria

238 1408 360 1504 judicia
389 1423 486 1498 sunt,
535 1410 571 1477 in
605 1405 721 1503 quibus
762 1405 959 1504 multiplices
996 1406 1062 1480 iltae
1097 1406 1313 1482 solemnitates

246 1509 464 1596 omittuntur,
500 1531 603 1602 eaque
642 1519 769 1574 tantum
814 1521 1003 1596 serrantur,
1042 1531 1116 1603 quae
1155 1525 1232 1580 sunt
1272 1509 1313 1579 ad

239 1604 356 1701 judicii
389 1619 559 1696 naturam,
596 1603 660 1674 hoo
686 1619 735 1674 est
765 1601 807 1672 ad
838 1602 1036 1676 noscendam
1068 1607 1233 1678 veritatem
1261 1633 1315 1678 ne

246 1705 378 1774 cessaria
400 1702 466 1800 (1).

290 1925 332 2005 (l)
352 1927 417 1988 ttoo
437 1925 589 2004 quidemr
613 1927 686 1988 lure
705 1923 781 1986 civili
803 1933 834 1985 et
856 1925 994 1986 canonico
1014 1924 1118 1988 divisio
1136 1928 1316 2008 judiciorum

248 2008 385 2068 traditur.
404 2007 461 2072 Sed
480 2007 653 2088 Pragmatioi
672 2008 704 2068 in
725 2007 788 2068 loro
801 2007 911 2086 judicia
931 2007 1068 2069 dividunt
1095 2011 1126 2070 in
1148 2011 1315 2088 ordinaria,

247 2092 418 2164 summaria,
454 2091 696 2166 summarissimo‚
732 2091 906 2151 exsecutiva.
944 2093 980 2151 Et
1007 2093 1163 2153 summaria
1195 2093 1316 2173 quidem

245 2181 333 2251 atque
352 2172 499 2233 ordinaria
519 2171 675 2251 judiciuin
696 2171 748 2247 iis,
764 2191 829 2250 quse
847 2171 883 2232 ad
901 2172 1036 2234 ordinem
1053 2176 1218 2253 pertinent,
1237 2176 1316 2256 apud

244 2273 299 2316 noa
319 2255 376 2316 fori
397 2275 451 2316 usn
465 2256 526 2316 tore
540 2255 618 2316 inter
631 2271 662 2316 se
676 2255 862 2316 conveniunt.

294 2483 326 2586 §.
356 2483 446 2555 VIII.
475 2485 580 2579 Digna
613 2508 745 2581 qnoque
776 2501 960 2556 memoratu
987 2503 1065 2556 sunt
1094 2487 1215 2585 judicia
1244 2514 1316 2560 rea-

245 2583 292 2656 lia
320 2608 395 2681 quae
423 2581 464 2652 ad
492 2608 561 2654 rem
585 2598 618 2652 et
649 2581 840 2678 personalia,
878 2608 955 2680 quae
981 2583 1023 2653 ad
1049 2611 1220 2682 personam
1244 2613 1316 2682 per·

246 2685 377 2768 tinent3
413 2682 603 2778 temporalia
637 2707 674 2752 ae
705 2680 901 2777 spiritualia7
929 2707 1003 2779 quar
1030 2709 1048 2752 a
1081 2709 1116 2755 re
1146 2685 1233 2780 ipsa,
1274 2684 1317 2755 de

246 2807 313 2879 qua
345 2781 520 2879 quaeritur,
554 2805 677 2852 nomen
708 2781 888 2877 aoeipiunt3
920 2779 1093 2879 simplicia,
1133 2783 1168 2851 in
1199 2781 1317 2880 quibus

243 2881 328 2951 alter
359 2880 555 2973 litigantium
584 2894 691 2969 actor,
720 2895 754 2949 et
778 2877 859 2949 alter
889 2904 963 2949 reus
996 2896 1064 2969 est,
1086 2906 1123 2950 ao
1153 2879 1314 2976 duplicia,

244 2982 282 3049 in
318 2976 438 3075 quibus
470 2992 609 3073 uterque
639 2992 745 3073 partes
783 2976 912 3047 easdem
948 2980 1085 3048 sustinet
1111 2992 1145 3047 et
1177 2995 1316 3075 uterque

244 3077 329 3149 alter
358 3076 400 3146 ab
431 3073 533 3146 altero
564 3076 697 3145 vicissim
728 3077 830 3171 petit3
860 3073 1003 3173 judicia,
1034 3099 1108 3171 quse
1139 3074 1235 3146 bonae
1270 3077 1317 3147 fi·

245 3176 322 3265 dei,
359 3190 395 3245 et
432 3198 506 3270 quae
538 3175 639 3245 stricti
671 3174 755 3271 juris
790 3170 1010 3339 appellantur.
1046 3172 1172 3243 Horum
1201 3188 1317 3244 natura

245 3290 320 3363 est,
346 3288 385 3342 ut
419 3270 529 3342 nullus
564 3273 605 3341 sit
641 3270 760 3370 judicis
795 3297 830 3341 ar
854 3273 929 3342 itrio
960 3270 1069 3359 locus,
1105 3273 1150 3340 ita
1179 3287 1218 3341 ut
1248 3273 1316 3369 ipse

246 3372 408 3443 sententia
458 3367 629 3465 complecti
663 3368 780 3441 debeat
817 3384 946 3439 tantum
977 3368 1067 3466 quod
1097 3384 1192 3467 pacto
1232 3396 1316 3442 con-

248 3486 385 3541 ventum
428 3482 499 3555 est,
537 3466 589 3537 vel
628 3464 701 3563 lege
746 3470 978 3556 constitutum,
1017 3484 1175 3564 praeterea
1218 3467 1315 3541 nihil.

245 3566 371 3639 Contra
397 3565 452 3635 illa
484 3564 652 3635 arbitrium
684 3568 879 3661 permittunt
899 3564 1040 3662 judicis,
1073 3569 1131 3664 qui
1160 3592 1199 3638 ex
1227 3567 1315 3639 bono

244 3680 281 3737 et
314 3690 411 3762 aequo
449 3666 603 3753 estimet,
643 3678 802 3761 quantum
836 3663 935 3733 actori
977 3663 1214 3737 restituendum
1252 3669 1313 3756 sit,

243 3778 507 3861 potestatemque
535 3786 625 3831 suom
651 3786 690 3835 eo
720 3759 900 3859 pertrahit,
927 3776 966 3831 ut
995 3787 1053 3834 suo
1080 3762 1207 3861 judicio
1233 3764 1314 3835 sub-

240 3864 353 4030 Eeiat,
401 3858 491 3957 qnod
541 3860 676 3929 minime
724 3874 921 3931 conventum
975 3860 1314 3960 eomprehensuntque

260 3958 359 4031 'hello
387 3974 436 4029 est
460 3956 526 4053 (i).

301 4178 332 4259 l)
353 4182 398 4240 De
421 4177 466 4238 his
480 4176 597 4257 judiciis
620 4185 715 4239 aetum
733 4184 777 4239 est
798 4186 868 4240 tom.
892 4180 1017 4242 storo
1031 4176 1166 4241 cononici
1182 4175 1315 4240 universi

310 4260 361 4323 tia·
370 4268 399 4321 et
409 4259 523 4343 privati
533 4258 559 4341 §.
577 4263 669 4345 daeq.
682 4280 754 4351 paq.
773 4263 807 4323 ll
825 4280 885 4345 aeq.
