3575 5625
863 649 1083 718 ..162-

432 803 519 870 cium
562 800 708 889 deserat,
750 803 898 898 itemque
944 800 1112 888 venditor,
1155 813 1268 870 contra
1306 819 1405 892 quem
1447 819 1503 864 re·

432 923 576 992 gressum
611 898 713 969 habet
742 915 895 995 emptor,
936 900 962 968 si
1001 898 1075 986 hic,
1108 913 1281 994 postquam
1315 918 1409 964 causa
1451 916 1504 962 ce·

433 994 531 1083 cidit,
565 995 607 1065 ab
642 1023 677 1066 ea
705 996 848 1068 desistat.
884 997 924 1067 ln
953 997 1122 1068 communi
1162 1019 1276 1082 causa,
1314 993 1409 1061 unius
1448 1013 1504 1084 ap·

431 1091 584 1187 pellatia,
614 1119 755 1191 quaeque
788 1120 860 1166 eam
894 1097 1065 1191 sequitur,
1101 1093 1232 1165 victoria
1261 1091 1376 1161 ceteris
1405 1089 1504 1158 etiam

432 1189 565 1284 prodest
589 1191 654 1261 litis
679 1192 905 1284 consortibus,
940 1196 998 1288 qui
1024 1217 1091 1264 uon
1121 1188 1331 1288 appellarunt
1359 1187 1427 1282 (ᾖ).

432 1456 449 1538 S
473 1375 583 1521 (lilll
603 1380 627 1519 l
645 1377 680 1462 ΙῙ.
700 1377 737 1442 sle
762 1376 924 1462 appellat,
946 1397 1014 1442 can.
1042 1382 1082 1442 50
1106 1398 1172 1460 cap.
1197 1381 1286 1462 lpas.
1312 1377 1348 1452 6,·
1367 1392 1435 1456 cap.
1469 1373 1506 1434 tc

452 1501 460 1517 .
531 1477 636 1520 erar.

472 1538 515 1619 (ἢ)
535 1541 571 1602 t.
589 1545 603 1603 l
620 1550 649 1602 et
662 1545 681 1604 2
695 1541 762 1606 cot.
773 1544 809 1607 Sl
817 1563 945 1608 causer
953 1539 1066 1629 plurib.
1080 1537 1209 1624 appett.,·
1224 1559 1252 1602 r.
1266 1541 1306 1601 ta
1318 1536 1354 1599 dr
1364 1535 1464 1620 appel.

479 1693 511 1794 ς.
540 1696 599 1769 VI.
637 1699 707 1773 Nec
734 1699 842 1773 solum
875 1717 1007 1791 nostro,
1046 1697 1165 1772 sedet
1196 1696 1419 1792 procuratorio
1448 1717 1508 1764 no-

429 1795 519 1864 mine
550 1797 752 1893 appellamus
782 1799 857 1895 (l),
895 1803 977 1898 quin
1006 1797 1107 1869 alium
1140 1798 1237 1866 etiam
1269 1794 1310 1864 ab
1349 1817 1412 1880 eo,
1447 1815 1509 1887 per

430 1915 530 2055 pacm
564 1895 728 1990 judicium
771 1902 915 1992 egimus,
964 1911 1212 1993 procuratorem
1255 1877 1302 1960 ari
1340 1889 1509 1987 appellan-

455 2014 510 2057 um
548 1995 745 2064 constituere
783 2019 954 2089 possumus
997 1991 1064 2089 (ἢ).
1116 1991 1207 2064 Nihil
1239 2005 1349 2060 autern
1389 1989 1508 2056 attinet

429 2083 612 2180 appellare,
650 2115 727 2160 cum
767 2092 929 2162 sententia
967 2089 1056 2160 nulla
1096 2105 1168 2178 est,
1202 2089 1356 2185 quoniam
1397 2083 1508 2180 appel-

429 2180 508 2252 latio
534 2188 677 2278 pertinet
705 2186 746 2255 ad
774 2190 994 2279 sententiam,
1029 2213 1105 2285 quae
1133 2189 1245 2284 iniqua
1273 2182 1409 2282 quidem
1434 2197 1504 2271 est,

430 2277 489 2348 sed
529 2295 641 2352 tamen
677 2283 784 2374 valet,
826 2285 967 2383 ideoque
1005 2284 1223 2373 infirmanda,
1274 2297 1313 2351 ut
1353 2281 1508 2376 iniquitas

430 2379 629 2472 corrigatur,
670 2407 782 2452 verum
825 2387 1023 2454 sententiam
1061 2408 1121 2479 per
1164 2407 1198 2452 se
1245 2379 1370 2450 nullam
1407 2378 1507 2448 infir·

429 2499 520 2546 mare
552 2503 828 2574 supervacaneum
858 2497 919 2552 est.
953 2483 1041 2576 Ergo
1074 2479 1196 2552 inutilis
1231 2492 1280 2548 est
1308 2473 1504 2573 appellatio,

430 2574 456 2640 si
495 2572 536 2642 ab
577 2577 824 2673 incompetente
861 2579 974 2677 judice
1019 2577 1095 2673 (5),
1134 2593 1191 2646 aut
1235 2601 1253 2644 a
1296 2587 1508 2668 competente

432 2668 586 2764 quidem,
623 2673 680 2744 sed
713 2678 863 2770 neglecto
894 2678 978 2775 juris
1019 2674 1135 2748 ordine
1180 2673 1253 2768 (l),
1301 2685 1358 2740 aut
1393 2685 1507 2742 contra

431 2791 614 2864 expressam
634 2770 741 2867 legem
766 2773 821 2871 (5)
856 2774 998 2847 bonosae
1029 2797 1136 2847 mores
1162 2773 1216 2868 (63
1250 2770 1408 2841 sententia
1441 2765 1507 2837 lata

430 2866 483 2936 sit.
518 2868 628 2964 Atque
656 2871 699 2941 ita
728 2886 842 2945 contra
870 2870 927 2941 has
952 2872 1129 2943 sententias
1155 2874 1230 2940 satis
1264 2882 1313 2939 est
1340 2864 1509 2937 nullitates

431 2986 635 3061 proponere,
687 2983 724 3038 ut
775 2972 813 3040 iis
854 2973 1001 3066 expensis
1045 2986 1144 3065 atque
1193 2965 1361 3064 probatis,
1418 2962 1509 3035 nulla

432 3084 545 3132 earum
573 3068 655 3137 ratio
691 3065 861 3138 habeatur.
906 3068 974 3137 Usu
1017 3065 1075 3137 sori
1120 3065 1173 3139 hae
1203 3065 1397 3153 seutentiae,
1431 3084 1507 3157 quae

431 3158 532 3229 nullae
564 3180 662 3251 sunt,
688 3166 938 3237 circutnscribt'
962 3163 1140 3252 dicuutur,
1181 3162 1242 3233 hoc
1269 3177 1317 3232 est
1345 3185 1363 3231 e
1398 3158 1509 3229 medio

433 3252 504 3324 tulli
533 3274 567 3327 et
601 3259 766 3354 abrogari,
803 3260 838 3329 id
873 3287 949 3333 vero
981 3260 1021 3329 fit
1054 3262 1191 3356 imperio
1233 3260 1408 3357 principis,
1451 3260 1509 3353 qui

433 3352 494 3420 nisi
534 3357 680 3447 primum
724 3361 897 3429 extinxerit
936 3384 973 3427 ac
1012 3356 1172 3429 deleverit
1210 3358 1429 3443 sententiam,
1470 3380 1507 3423 ea

433 3470 562 3543 semper
587 3452 768 3550 injudicio
798 3471 866 3525 rata
893 3452 990 3525 firma
1023 3470 1185 3526 censetur.

477 3644 522 3723 (r)
542 3645 577 3704 r.
591 3643 658 3738 aff.
677 3645 799 3723 Quane.
814 3646 924 3730 appell.

477 3724 508 3801 (ἱ)
540 3725 764 3811 hlutfimff.
781 3726 938 3812 dccppell.

477 3805 508 3883 (ὅ
539 3807 576 3865 t.
593 3804 649 3868 ult.
663 3806 728 3869 cctl.
740 3810 769 3872 st'
778 3830 798 3870 a
808 3828 868 3871 nora
881 3818 1041 3892 competes.
1048 3810 1145 3894 jurlr'c.

489 3886 519 4043 gp
540 3888 613 3949 nt
627 3886 691 3949 aad.
706 3888 741 3952 de
754 3899 866 3953 senten.
881 3902 909 3954 et
919 3890 1055 3978 interloq.

539 3970 575 4029 t.
607 3972 622 4031 l
655 3968 682 4050 3.
711 3970 787 4055 ils.
820 3975 893 4050 Quoe
924 3984 1034 4036 senten.
1065 3974 1129 4037 siae
1160 3972 1300 4058 appellat.
1334 3975 1513 4053 capitularia

434 4048 528 4109 Caroli
542 4053 584 4111 Μ.
611 4048 633 4112 l.
659 4052 764 4135 lcap.
790 4056 850 4115 249
872 4063 895 4116 t.
926 4059 939 4116 l
963 4053 1015 4116 col.
1045 4057 1164 4119 tuost.
1184 4054 1310 4119 Baluzit'
1337 4058 1409 4119 Vera.
1431 4058 1513 4119 17Ὶῖ

434 4128 465 4189 iu
480 4148 626 4195 carcerem
644 4133 763 4197 detrudi
773 4134 880 4213 jubent
893 4136 1038 4216 judicem,
1055 4139 1105 4217 qui
1130 4164 1142 4193 a
1157 4138 1275 4201 Oblatas
1288 4138 1343 4199 sibi
1358 4137 1515 4216 injudicio

434 4209 528 4294 leges,
543 4216 589 4278 vel
597 4215 674 4296 juris
687 4219 797 4298 species
809 4218 913 4281 audire
927 4220 1053 4283 noluerit
1071 4230 1100 4281 et
1115 4230 1214 4283 contra
1227 4239 1275 4282 aas
1286 4219 1476 4299 judicaverit,
1493 4244 1506 4274 a
