3575 5625
665 619 807 690 -tot
837 661 886 676 -

271 768 303 870 ς.
349 767 429 839 ΧΙΙ.
489 767 637 839 Potestas
689 766 815 837 ferendi
866 771 1237 842 excommunicationem
1289 797 1307 842 a

219 866 351 939 Christo
389 865 465 936 deta
499 881 548 936 est
578 862 718 937 ecclesie
754 866 954 961 prepositis,
989 863 1054 937 hoc
1092 882 1143 938 est
1176 872 1304 966 episco-

221 968 294 1061 pis,
327 982 427 1062 etque
461 964 494 1033 in
526 965 641 1059 primis
674 987 802 1033 summo
832 965 982 1034 omnium
1021 967 1118 1058 capiti
1157 965 1306 1040 Romano

221 1060 399 1151 Pontifici,
424 1065 551 1158 inquo
582 1062 653 1156 ipse
683 1060 823 1130 contulit
853 1059 993 1131 clavium
1021 1073 1212 1158 potestatem
1235 1065 1302 1161 (l).

221 1160 265 1230 Hi
292 1185 352 1232 suo
384 1161 461 1258 jure
493 1158 547 1254 (2)
585 1159 928 1229 excommunicationis
960 1183 1057 1254 poena
1091 1160 1303 1233 animadver-

220 1272 300 1327 tunt
341 1260 376 1328 in
408 1257 617 1344 christianos,
659 1256 717 1351 qui
760 1257 888 1349 gravius
928 1254 1159 1352 deliquerunt,
1208 1274 1307 1356 atquc

221 1355 301 1425 huic
324 1378 432 1451 poenae
464 1353 601 1424 sub'ecti
626 1367 704 1423 sunt
728 1378 860 1444 omnes,
889 1355 947 1449 qui
980 1353 1123 1427 ecclesiae
1152 1361 1304 1451 potestati

221 1454 383 1543 subsunt,
420 1454 486 1522 sire
518 1381 653 1540 divites,
697 1452 763 1520 sire
791 1475 952 1548 pauperes
983 1453 1069 1540 sint,
1106 1455 1171 1522 sive
1198 1455 1305 1528 alieno
1390 1519 1399 1530 .

222 1568 382 1649 pareant,
412 1552 478 1620 sive
504 1574 634 1620 summo
666 1550 834 1646 potiantur
866 1549 1003 1647 imperio
1041 1551 1108 1647 (5).
1147 1550 1232 1624 Num
1269 1555 1304 1624 hi

224 1673 359 1746 quoque
402 1646 544 1720 ecclesis
585 1646 712 1742 legibus
750 1671 866 1743 perere
914 1644 1058 1736 debent,
1104 1675 1305 1746 quamquem

223 1772 340 1819 eorum
372 1771 499 1816 summe
524 1747 567 1815 sit
588 1747 625 1814 in
654 1770 690 1815 re
721 1743 806 1814 civili
834 1757 994 1840 potestas:
1027 1746 1103 1841 ipsis
1132 1771 1207 1819 vcro
1236 1775 1304 1820 non

224 1844 302 1916 licet
337 1861 393 1915 aut
425 1867 574 1915 censuras
609 1841 719 1930 ferre,
753 1855 810 1912 cut
841 1843 878 1911 in
912 1867 1024 1913 cerum
1058 1845 1218 1940 justitiam
1257 1851 1306 1917 in·
1394 1857 1399 1866 ’

226 1945 356 2040 quirere
390 1941 466 2037 (ci),
503 1942 658 2037 quoniam
690 1965 727 2011 ea
765 1964 816 2011 res
843 1954 911 2012 tota
944 1955 1073 2012 tontum
1109 1967 1205 2014 sncrae
1240 1970 1305 2042 po·

227 2043 337 2112 testati
360 2042 530 2112 commisse
557 2053 618 2110 est.

265 2237 308 2319 (l)
329 2242 402 2301 curn
417 2241 549 2301 Romano
570 2237 733 2313 Pontidoc,
749 2257 837 2318 quern
858 2238 993 2301 Christus
1007 2239 1158 2302 constituit
1181 2243 1302 2304 unitatis

226 2329 361 2380 centrum
385 2330 474 2400 atque
501 2321 628 2382 ecclesie
656 2321 901 2398 fundamentum,
932 2323 1089 2383 convenire
1116 2341 1217 2386 omnes
1251 2325 1305 2386 lra-

226 2400 313 2476 beat,
335 2403 386 2479 qui
401 2403 536 2464 catholici
560 2401 662 2464 haberi
675 2421 710 2462 ac
734 2422 836 2465 revera
859 2421 922 2464 esse
943 2403 1056 2464 volunt.
1082 2408 1124 2466 Ex
1149 2425 1207 2484 qua
1221 2405 1306 2469 facile

224 2483 417 2563 intelligitur,
432 2505 498 2563 que
522 2485 560 2546 sit
582 2486 625 2544 vis
649 2486 971 2556 excommunicationis,
988 2503 1081 2564 quoea
1095 2505 1211 2549 summo
1225 2493 1304 2551 Pon-

223 2564 305 2626 tiliae
316 2565 374 2624 latu
397 2574 452 2625 est.
478 2567 626 2628 Nimirum
649 2585 716 2626 curn
737 2567 805 2642 ille,
819 2567 870 2645 qui
888 2568 938 2646 J'us
963 2567 993 2628 in
1018 2586 1119 2628 omncs
1146 2569 1304 2633 catholicos

223 2646 331 2721 hebet,
355 2647 480 2724 aliquem
503 2648 803 2710 excommunicatione
825 2657 855 2708 ct
878 2647 1066 2709 anathemate
1088 2650 1206 2728 plectit,
1231 2671 1300 2714 eum

223 2746 287 2789 non
309 2728 403 2814 solum
419 2748 435 2788 a
453 2749 503 2790 sna
522 2738 553 2790 et
576 2734 716 2792 Romane
736 2729 920 2808 particularis
945 2730 1072 2790 ccclesiae
1098 2736 1305 2795 cummunione

225 2809 369 2891 sejungit,
385 2829 488 2873 verum
507 2813 595 2873 etium
621 2811 700 2891 ejicit
721 2819 810 2890 atque
824 2809 958 2891 precidit
983 2809 1020 2872 eb
1034 2811 1147 2873 unitate
1167 2823 1197 2876 et
1223 2835 1305 2877 com·

227 2894 369 2953 munione
386 2895 477 2955 totius
493 2894 621 2955 ecclesie
645 2893 811 2969 catholice,
832 2912 898 2971 quoe
914 2892 968 2971 ipsi
989 2900 1139 2971 tamquam
1163 2898 1249 2975 ospiti
1273 2908 1303 2959 et

226 2974 376 3035 catholice
394 2977 609 3036 communionis
622 2984 724 3036 centro
744 2974 892 3048 adheret,
916 2992 949 3034 nc
960 2973 1028 3052 J‘ure
1050 2975 1193 3051 primatus
1207 2978 1304 3039 adhae-

226 3074 292 3117 rcre
306 3055 409 3132 debct,
426 3074 480 3117 nee
492 3057 558 3118 ficri
572 3066 682 3137 potest,
693 3066 730 3118 ut¹
740 3059 807 3137 quis
820 3056 858 3117 cb
872 3072 907 3114 co
920 3056 1076 3134 precisus,
1092 3074 1151 3115 non
1163 3058 1202 3115 sit
1214 3060 1303 3120 etiam

227 3140 368 3217 praecisus
389 3138 426 3198 ub
441 3140 501 3217 ipsa
524 3140 658 3215 ecclesia,
681 3158 748 3218 qum
762 3158 798 3199 ex
824 3137 924 3199 divina
951 3136 1135 3197 institutione
1160 3156 1226 3198 curn
1242 3140 1304 3218 ipso

227 3220 349 3281 unitatis
364 3228 465 3282 centra
480 3240 591 3282 annexa
606 3231 636 3282 et
651 3221 805 3301 conjuncta
822 3227 878 3280 est.
903 3218 978 3279 ilinc
996 3217 1074 3299 jura
1091 3220 1305 3284 conmunionis

227 3303 264 3364 ab
286 3303 401 3363 unitate
425 3321 492 3363 cnm
515 3302 585 3364 sede
612 3303 776 3381 Apostolim
799 3300 959 3363 dimanare
986 3302 1016 3361 S.
1045 3300 1216 3362 Ambrosius
1237 3322 1306 3367 cutn

227 3383 406 3464 Aquileiensi
426 3385 540 3464 synodo
558 3385 657 3446 docuit
669 3404 715 3466 ep.
732 3386 832 3465 dopp.
856 3390 927 3444 tom.
950 3384 967 3443 5
986 3379 1040 3443 col.
1058 3384 1119 3444 850
1136 3380 1181 3445 ed.
1202 3386 1303 3447 Venet.

229 3470 325 3534 llll,
351 3473 381 3525 ct
394 3467 709 3528 excommunicationes
727 3466 765 3526 cb
779 3467 843 3527 aliis
857 3466 999 3544 episcopis
1021 3464 1088 3527 late
1110 3466 1219 3528 nullius
1242 3488 1305 3531 rno-

227 3549 319 3609 menti
335 3554 420 3623 sunt,
444 3568 511 3609 cum
526 3568 593 3618 cos,
609 3549 659 3626 qui
674 3548 712 3608 ab
732 3548 832 3627 aliquo
856 3548 945 3607 ctiam
961 3548 1103 3625 mnj0rum
1123 3547 1238 3611 sedium
1250 3570 1305 3613 an-

228 3631 320 3691 tistite
342 3631 583 3691 exeommunicati
606 3631 744 3705 luerunt,
767 3648 828 3691 suae
852 3630 1068 3689 communionis
1085 3630 1258 3711 participes,
1274 3642 1305 3693 ct

227 3711 286 3774 atti
297 3708 468 3773 inconvulse
483 3713 584 3774 anites
603 3709 773 3793 Apostolico
792 3710 799 3724 '
839 3709 931 3772 icaait
950 3711 1128 3786 atteteritur,
1153 3720 1185 3773 ut
1208 3715 1306 3793 inquit

226 3793 353 3875 vigilius
372 3796 405 3853 P.
428 3793 461 3854 ia
482 3794 600 3855 constit.
626 3794 704 3871 epod
718 3793 778 3855 Lnb
817 3811 866 3853 um
882 3801 954 3853 tom.
979 3796 997 3854 t
1023 3790 1129 3855 concil.
1147 3791 1202 3855 ccl.
1223 3799 1304 3857 1548

225 3876 295 3937 edit.
326 3878 427 3937 Venet.
454 3876 529 3936 llinc
549 3875 655 3937 merito
680 3878 712 3937 S.
736 3875 863 3955 cyrillus
887 3874 1103 3936 Alexandrinus
1128 3876 1302 3955 opiscopus,

227 3960 281 4019 etsi
309 3958 435 4019 Nestorii
450 3958 762 4035 constantinopolitani
786 3974 919 4017 errorem
939 3974 972 4017 ac
996 3956 1186 4035 pertinaciam
1210 3958 1306 4035 expla-

228 4050 322 4101 ratem
347 4038 485 4114 heberet,
513 4038 672 4099 tamenab
695 4038 986 4117 eiuscommunione
1013 4037 1163 4099 discedere
1191 4038 1304 4116 noluit,

227 4123 283 4183 nisi
297 4122 427 4200 primum
436 4120 583 4181 Coelestini
597 4120 721 4182 Romani
735 4118 886 4181 pontificis
898 4119 1073 4181 sententiam
1086 4116 1214 4191 audiret,
1227 4122 1306 4197 apud

226 4204 429 4265 Coustentium
444 4203 499 4263 iat,
520 4199 632 4265 celest.
649 4220 695 4283 ep.
719 4204 739 4262 8
754 4198 810 4262 col.
829 4202 927 4277 l0853
944 4202 1006 4279 ipse
1019 4206 1118 4261 autem
1132 4197 1305 4264 Caelestinus

330 4306 407 4353 uox.
438 4308 472 4353 u.
1148 4280 1205 4351 18.
