3575 5625
439 772 473 827 et
506 757 696 829 auctoritate
725 780 807 853 opus
838 772 912 845 eat,
946 770 982 826 ut
1002 779 1206 923 omnesoper
1233 769 1340 828 totum
1368 754 1508 827 christia-
1633 731 1634 736 ἵ

1163 878 1187 947 <i

438 879 520 924 num
542 855 655 927 orbem
690 854 763 948 lege
785 854 1046 948 obstringuntur,
1073 878 1119 950 qu
1189 878 1229 923 ue
1253 851 1296 923 ab
1322 853 1360 921 iis
1388 852 1509 924 editum

438 966 487 1025 est
504 950 688 1051 judicium,
715 976 825 1048 neque
851 947 942 1039 salli,
965 975 1072 1047 neque
1094 948 1204 1021 sallere
1229 975 1429 1117 puemquam
1458 975 1510 1046 pe

438 1063 513 1119 test.
548 1048 659 1132 Quare
687 1050 752 1119 sive
780 1048 897 1147 aliquis
926 1046 1099 1119 damnatus
1121 1071 1213 1118 error
1250 1051 1336 1119 uerit
1358 1046 1427 1142 (ἢ),
1451 1050 1510 1118 sive

439 1144 613 1217 delinitum
647 1148 682 1233 in
712 1144 796 1217 libro
830 1169 975 1218 errorem
1002 1148 1105 1215 inesse
1133 1143 1202 1240 (ὅ),
1231 1147 1298 1215 sive
1326 1147 1509 1240 speciatim,

439 1244 504 1313 sire
538 1245 739 1339 generatim,
769 1258 888 1339 atque,
923 1258 962 1312 ut
994 1244 1108 1340 ajunt,
1141 1247 1184 1313 a’n
1214 1242 1313 1339 globo
1345 1244 1512 1339 proscripti

438 1364 564 1411 errores
600 1340 744 1427 luerint3
776 1339 940 1437 quidquid
966 1364 1140 1410 asumma
1174 1337 1358 1427 Pontificc,
1392 1354 1448 1410 aut
1474 1338 1512 1408 ab
1633 1399 1634 1446 ,

438 1434 598 1528 Ecclesia,
628 1440 695 1509 sive
725 1462 833 1535 sparsa
862 1462 922 1533 per
950 1453 1112 1507 terrarum
1148 1435 1262 1523 orbem
1300 1438 1511 1520 universum,

438 1536 504 1603 sive
554 1536 590 1605 in
637 1532 801 1635 synodum
853 1548 1068 1633 congregata,
1115 1534 1364 1628 pronuntiatum
1418 1534 1513 1604 sanei-

439 1645 579 1726 tumque
612 1649 681 1721 eat,
718 1630 805 1729 apud
843 1656 958 1703 omnes
1007 1632 1147 1701 veritatis
1179 1630 1253 1701 loco
1296 1654 1364 1700 esse
1400 1629 1509 1700 debet.

438 1727 616 1825 Episcopus
667 1730 765 1801 etiam
818 1754 854 1800 ac
903 1726 1100 1824 provinciale
1150 1726 1326 1799 concilium
1379 1727 1513 1799 damnat

440 1823 471 1894 le
495 1827 571 1922 ique
605 1840 693 1897 vetat
730 1825 848 1915 libros,
885 1850 967 1922 quos
1001 1826 1113 1896 noxios
1154 1850 1222 1895 esse
1266 1824 1511 1912 animadvertit,

440 1850 496 1992 sed
520 1922 589 2019 ejus
605 1920 694 2021 leges
716 1923 1029 1995 circumscribuntur
1053 1924 1202 1992 terminis
1229 1919 1430 2012 dioeeeseos,
1463 1936 1514 1991 aut

438 2021 637 2115 provincie,
666 2022 700 2091 in
725 2046 791 2117 qua
826 2019 901 2090 latae
922 2034 1000 2091 sunt
1029 2034 1063 2090 et
1089 2021 1192 2090 errori
1215 2019 1345 2093 subesse
1364 2034 1509 2115 possunt.

482 2128 525 2211 (1)
535 2134 578 2195 Ne
591 2134 690 2194 omnia
702 2133 838 2215 colligam
852 2139 1042 2195 monumenta
1054 2132 1215 2193 pontificia
1228 2136 1382 2211 potestatis
1392 2132 1426 2192 in
1437 2132 1513 2191 dam·

440 2212 546 2275 nandis
570 2216 762 2296 notandisque
786 2214 886 2290 libris,
912 2214 1047 2295 religioni
1063 2213 1206 2292 bonisque
1224 2214 1358 2273 moribus
1376 2214 1512 2287 inimicis,

440 2293 520 2373 quod
533 2312 629 2373 operae
643 2306 719 2357 esset
738 2295 964 2375 scriptionisque
975 2295 1132 2375 longioris,
1152 2294 1291 2373 quodque
1309 2296 1430 2375 egregie
1442 2312 1513 2374 pre-
1633 2309 1634 2312 ’

440 2376 515 2435 stitit
528 2374 571 2438 Gl.
587 2379 721 2439 zaccaria
735 2374 810 2439 libro
823 2373 932 2452 indic,
947 2395 1038 2455 pauca
1051 2375 1333 2448 natumiuniores,
1351 2376 1461 2454 quibus
1472 2392 1514 2435 co·

441 2456 530 2537 gnitis
544 2457 629 2517 facilc
649 2459 707 2520 erit
726 2458 888 2519 denoteris
908 2457 1051 2535 judicare.
1078 2460 1118 2518 ill
1132 2457 1250 2532 seced„
1276 2457 1315 2518 ad
1343 2461 1514 2518 Pontianum

343 2540 344 2545 ’
441 2537 613 2603 Pontificem
629 2537 698 2600 libri
718 2540 854 2620 origenis
873 2540 955 2600 missi
974 2539 1112 2613 inerunt,
1127 2546 1162 2598 ιιι
1174 2538 1401 2613 damnarentur3
1420 2538 1515 2598 couler

442 2620 645 2682 maruntium
660 2620 694 2683 iu
707 2620 852 2683 Pontico.
871 2619 898 2701 S.
915 2618 996 2681 unu.
1019 2638 1052 2679 a.
1077 2620 1092 2681 1
1115 2616 1171 2681 eol.
1189 2621 1264 2694 116,
1282 2629 1313 2681 et
1335 2620 1369 2681 ia
1388 2617 1512 2680 Fabius.

441 2696 468 2780 S.
497 2700 511 2761 1
538 2718 623 2761 num.
651 2704 666 2762 1
694 2700 751 2765 col.
777 2701 854 2777 tlt,-
875 2703 977 2763 conier
998 2708 1087 2761 etiam
1112 2701 1296 2761 Anastasium
1324 2703 1337 2761 1
1364 2701 1451 2783 epist.
1479 2696 1516 2760 ad

442 2781 535 2842 lona.
554 2780 690 2846 Hieroso!
709 2782 787 2862 tait,
807 2783 887 2863 apud
903 2782 1040 2844 eumdem
1058 2783 1260 2844 coustantium
1276 2782 1362 2864 epist.
1387 2784 1512 2844 Romus.

441 2861 581 2944 Poniifio.
601 2861 656 2926 ool.
696 2868 746 2928 26.
767 2865 814 2927 Ad
832 2866 1036 2926 innocentium
1055 2867 1067 2924 l
1084 2882 1234 2927 summum
1251 2863 1424 2924 Pontificem
1442 2882 1515 2942 pre·

442 2945 613 3007 stantissimi
628 2949 759 3026 quinque
773 2947 879 3008 Africae
895 2947 1021 3025 episcopi
1040 2943 1151 3005 dedere
1162 2946 1291 3022 litteras,
1311 2954 1344 3005 ut
1358 2946 1467 3026 Pelagii
1481 2944 1516 3003 li-

442 3025 531 3087 brum
542 3028 761 3091 condemnaret.
782 3027 983 3089 «Anathemet
993 3044 1064 3105 ergo
1075 3024 1227 3105 (inquiunt
1238 3028 1280 3086 iili
1291 3027 1370 3104 apud
1381 3030 1517 3089 Constan-
1633 3030 1635 3083 t

443 3109 519 3168 tium
544 3127 590 3190 ep.
618 3111 747 3172 licaonia.
777 3105 918 3190 Pontific.
943 3104 999 3169 eol.
1029 3107 1101 3188 884)
1130 3108 1264 3188 Pelagius
1292 3108 1399 3187 scripta
1428 3127 1513 3168 sua...
1633 3170 1634 3173 ,

444 3191 504 3250 Aut
528 3191 553 3250 si
575 3209 628 3251 sua
652 3209 715 3252 esse
736 3198 838 3272 negat,
862 3198 913 3250 aut
937 3189 1053 3268 scriptis
1075 3189 1136 3248 suis
1154 3189 1191 3249 ab
1218 3189 1345 3249 inimicis
1366 3190 1429 3249 suis
1450 3188 1516 3249 dicit
1633 3204 1634 3211 ¹

445 3269 591 3346 immissa,
611 3289 677 3347 que
698 3291 750 3332 sua
764 3289 827 3332 esse
853 3278 955 3352 negat,
978 3270 1147 3330 anathemet
1163 3288 1196 3330 ea
1214 3279 1330 3345 umen,
1352 3279 1383 3329 et
1400 3269 1517 3330 damnet

443 3357 565 3428 paterna
602 3349 821 3422 exhortatione,
858 3359 888 3412 ct
915 3353 1087 3412 auctoritate
1115 3351 1451 3412 caerimoniarum...
1488 3353 1515 3410 Si
1633 3424 1634 3427 Ἴ

446 3429 526 3490 enim
549 3433 740 3509 cognoverint
759 3433 880 3513 (Pelagii
902 3433 991 3512 Socii)
1014 3431 1152 3492 eumdem
1176 3432 1302 3506 librum,
1328 3450 1418 3508 quem
1443 3430 1517 3492 illius
1633 3450 1634 3459 ¹

446 3509 491 3570 vel
506 3517 611 3588 putant
634 3529 713 3588 esse,
737 3513 783 3574 vel
807 3522 935 3588 norunt,
959 3514 1160 3593 episcoporum
1185 3513 1396 3575 catholicorum
1424 3519 1518 3574 aucto

445 3590 546 3666 ritate,
569 3597 599 3650 et
627 3594 754 3655 maxime
775 3595 937 3655 sanctitutis
962 3601 1037 3669 tuae,
1061 3613 1149 3672 quam
1166 3594 1246 3673 apud
1274 3612 1342 3657 curn
1370 3611 1435 3654 esse
1459 3611 1516 3653 ma·
1633 3588 1634 3623 ³

443 3670 517 3750 ioris
528 3670 667 3750 ponderis
684 3691 744 3734 non
757 3673 929 3735 dubitamus
942 3681 999 3734 ete.
1018 3699 1032 3727 a
1051 3675 1173 3737 bibrum
1186 3676 1374 3737 innocentius
1388 3675 1476 3756 legit,
1489 3681 1517 3732 et
1633 3670 1635 3680 ⁸

447 3771 516 3812 eum
533 3770 549 3812 a
564 3753 667 3830 quovis
683 3753 928 3816 damnandum
962 3773 1000 3815 ue
1017 3753 1196 3817 calcandum
1213 3756 1357 3818 Africams
1381 3754 1519 3837 episcopis
1633 3786 1635 3789 ·

445 3833 614 3913 rospondit,
633 3834 714 3914 apud
728 3835 931 3898 Consentium
996 3835 1071 3896 ‚cit
1086 3834 1142 3898 cel.
1163 3839 1235 3900 966.
1256 3842 1313 3900 ino
1332 3841 1346 3898 1
1365 3835 1519 3898 Priscillia·
1633 3834 1635 3838 '

446 3915 590 3976 nistarum
612 3915 703 3976 libros
721 3933 780 3977 non
802 3915 890 3988 modo
909 3917 966 3998 legi
989 3918 1100 3994 vetuit,
1121 3919 1280 3980 sedetiam
1298 3916 1427 3978 flammis
1445 3915 1518 3977 tradi

449 3996 540 4058 voluit
553 3997 639 4080 ept'st.
660 4000 697 4060 tt
717 4006 787 4058 tom.
814 4001 915 4080 Pupp.
930 4019 1003 4081 puy.
1026 3999 1086 4059 ssi
1110 3997 1156 4060 ed.
1184 4002 1284 4061 Vertat.
1300 4000 1388 4060 Plura
1402 4014 1518 4076 quoque
1633 3988 1635 4013 ²

448 4073 654 4139 hereticorum
667 4097 754 4158 opera
767 4079 848 4158 jussu
866 4081 972 4143 Gelasii
987 4085 1015 4155 l,
1033 4081 1112 4158 apud
1134 4083 1319 4141 Anastasium
1340 4081 1513 4155 Bibliothec.

450 4158 483 4217 in
498 4157 596 4224 Galus.
619 4167 689 4223 tom.
712 4165 726 4224 1
750 4180 823 4244 pop.
849 4163 907 4222 167
928 4180 1013 4223 aum.
1031 4163 1051 4222 ι
1067 4159 1138 4222 edit.
1160 4163 1261 4224 limae
1276 4163 1371 4239 1721,
1388 4171 1419 4222 et
1432 4164 1516 4240 Sym·
