<?xml version="1.0" encoding="UTF-8"?>
<!DOCTYPE html PUBLIC "-//W3C//DTD XHTML 1.0 Transitional//EN"
    "http://www.w3.org/TR/xhtml1/DTD/xhtml1-transitional.dtd">
<html xmlns="http://www.w3.org/1999/xhtml" xml:lang="en" lang="en">
 <head>
  <title>
</title>
<meta http-equiv="Content-Type" content="text/html;charset=utf-8" />
  <meta name='ocr-system' content='tesseract 3.04.00' />
  <meta name='ocr-capabilities' content='ocr_page ocr_carea ocr_par ocr_line ocrx_word'/>
</head>
<body>
  <div class='ocr_page' id='page_1' title='image "./institutionumca01devogoog_0267.png"; bbox 0 0 3575 5625; ppageno 0'>
   <div class='ocr_carea' id='block_1_1' title="bbox 902 494 1128 565">
    <p class='ocr_par' dir='ltr' id='par_1_1' title="bbox 902 494 1128 565">
     <span class='ocr_line' id='line_1_1' title="bbox 902 494 1128 565; baseline -0.004 0"><span class='ocrx_word' id='word_1_1' title='bbox 902 536 951 550; x_wconf 95' lang='lat'>-</span> <span class='ocrx_word' id='word_1_2' title='bbox 978 494 1128 565; x_wconf 70' lang='lat'><strong>258-</strong></span> 
     </span>
    </p>
   </div>
   <div class='ocr_carea' id='block_1_2' title="bbox 471 643 1544 1522">
    <p class='ocr_par' dir='ltr' id='par_1_2' title="bbox 471 643 1544 1522">
     <span class='ocr_line' id='line_1_2' title="bbox 474 643 1539 744; baseline 0.001 -26"><span class='ocrx_word' id='word_1_3' title='bbox 474 643 609 741; x_wconf 87' lang='lat' dir='ltr'><strong>quidem</strong></span> <span class='ocrx_word' id='word_1_4' title='bbox 650 669 704 717; x_wconf 85' lang='lat' dir='ltr'><strong>eos</strong></span> <span class='ocrx_word' id='word_1_5' title='bbox 750 645 864 743; x_wconf 90' lang='lat' dir='ltr'><strong>plectit</strong></span> <span class='ocrx_word' id='word_1_6' title='bbox 910 645 1251 717; x_wconf 75' lang='lat' dir='ltr'><strong>excommunicationis</strong></span> <span class='ocrx_word' id='word_1_7' title='bbox 1304 669 1405 744; x_wconf 74' lang='lat' dir='ltr'><strong>poeno</strong></span> <span class='ocrx_word' id='word_1_8' title='bbox 1448 660 1539 744; x_wconf 79' lang='lat' dir='ltr'><strong>atque</strong></span> 
     </span>
     <span class='ocr_line' id='line_1_3' title="bbox 473 741 1541 840; baseline 0.003 -27"><span class='ocrx_word' id='word_1_9' title='bbox 473 742 682 813; x_wconf 80' lang='lat' dir='ltr'><strong>ecclesiastica</strong></span> <span class='ocrx_word' id='word_1_10' title='bbox 721 744 953 817; x_wconf 88' lang='lat' dir='ltr'><strong>communione</strong></span> <span class='ocrx_word' id='word_1_11' title='bbox 984 744 1090 840; x_wconf 81' lang='lat' dir='ltr'><strong>privat</strong></span> <span class='ocrx_word' id='word_1_12' title='bbox 1123 741 1196 838; x_wconf 79' lang='lat'><em>(1)3</em></span> <span class='ocrx_word' id='word_1_13' title='bbox 1235 745 1391 838; x_wconf 80' lang='lat' dir='ltr'><strong>quonium</strong></span> <span class='ocrx_word' id='word_1_14' title='bbox 1426 744 1461 813; x_wconf 90' lang='lat' dir='ltr'><strong>in</strong></span> <span class='ocrx_word' id='word_1_15' title='bbox 1496 770 1541 816; x_wconf 89' lang='lat' dir='ltr'><strong>cc·</strong></span> 
     </span>
     <span class='ocr_line' id='line_1_4' title="bbox 473 837 1541 938; baseline 0.005 -30"><span class='ocrx_word' id='word_1_16' title='bbox 473 838 568 909; x_wconf 79' lang='lat' dir='ltr'><strong>cleoin</strong></span> <span class='ocrx_word' id='word_1_17' title='bbox 599 841 761 913; x_wconf 87' lang='lat' dir='ltr'><strong>retinendi</strong></span> <span class='ocrx_word' id='word_1_18' title='bbox 792 866 861 913; x_wconf 94' lang='lat' dir='ltr'><strong>non</strong></span> <span class='ocrx_word' id='word_1_19' title='bbox 894 856 993 931; x_wconf 79' lang='lat' dir='ltr'><strong>sunt,</strong></span> <span class='ocrx_word' id='word_1_20' title='bbox 1029 843 1087 938; x_wconf 90' lang='lat' dir='ltr'><strong>qui</strong></span> <span class='ocrx_word' id='word_1_21' title='bbox 1119 839 1161 911; x_wconf 84' lang='lat' dir='ltr'><strong>ab</strong></span> <span class='ocrx_word' id='word_1_22' title='bbox 1191 864 1230 911; x_wconf 85' lang='lat' dir='ltr'><strong>eu</strong></span> <span class='ocrx_word' id='word_1_23' title='bbox 1260 837 1437 912; x_wconf 85' lang='lat' dir='ltr'><strong>divortium</strong></span> <span class='ocrx_word' id='word_1_24' title='bbox 1468 842 1541 913; x_wconf 79' lang='lat' dir='ltr'><strong>fece·</strong></span> 
     </span>
     <span class='ocr_line' id='line_1_5' title="bbox 474 936 1542 1036; baseline 0.007 -32"><span class='ocrx_word' id='word_1_25' title='bbox 474 952 574 1027; x_wconf 80' lang='lat' dir='ltr'><strong>runt,</strong></span> <span class='ocrx_word' id='word_1_26' title='bbox 610 964 718 1035; x_wconf 88' lang='lat' dir='ltr'><strong>neque</strong></span> <span class='ocrx_word' id='word_1_27' title='bbox 763 964 840 1011; x_wconf 87' lang='lat' dir='ltr'><strong>eum</strong></span> <span class='ocrx_word' id='word_1_28' title='bbox 884 938 1037 1011; x_wconf 83' lang='lat' dir='ltr'><strong>fidelibus</strong></span> <span class='ocrx_word' id='word_1_29' title='bbox 1073 956 1149 1010; x_wconf 89' lang='lat' dir='ltr'><strong>sont</strong></span> <span class='ocrx_word' id='word_1_30' title='bbox 1193 936 1447 1017; x_wconf 76' lang='lat' dir='ltr'><strong>commiscendi,</strong></span> <span class='ocrx_word' id='word_1_31' title='bbox 1490 943 1542 1036; x_wconf 88' lang='lat' dir='ltr'><strong>qui</strong></span> 
     </span>
     <span class='ocr_line' id='line_1_6' title="bbox 472 1034 1542 1134; baseline 0.003 -30"><span class='ocrx_word' id='word_1_32' title='bbox 472 1034 550 1106; x_wconf 81' lang='lat' dir='ltr'><strong>elios</strong></span> <span class='ocrx_word' id='word_1_33' title='bbox 591 1035 767 1133; x_wconf 82' lang='lat' dir='ltr'><strong>depravare</strong></span> <span class='ocrx_word' id='word_1_34' title='bbox 802 1038 996 1134; x_wconf 85' lang='lat' dir='ltr'><strong>opinionum</strong></span> <span class='ocrx_word' id='word_1_35' title='bbox 1035 1038 1187 1111; x_wconf 79' lang='lat' dir='ltr'><strong>monstris</strong></span> <span class='ocrx_word' id='word_1_36' title='bbox 1219 1052 1254 1107; x_wconf 86' lang='lat' dir='ltr'><strong>ct</strong></span> <span class='ocrx_word' id='word_1_37' title='bbox 1273 1063 1276 1067; x_wconf 51' lang='lat'><em>⁴</em></span> <span class='ocrx_word' id='word_1_38' title='bbox 1293 1035 1444 1133; x_wconf 85' lang='lat' dir='ltr'><strong>exemplo</strong></span> <span class='ocrx_word' id='word_1_39' title='bbox 1475 1062 1542 1133; x_wconf 84' lang='lat' dir='ltr'><strong>pos·</strong></span> 
     </span>
     <span class='ocr_line' id='line_1_7' title="bbox 473 1133 1543 1231; baseline 0.004 -30"><span class='ocrx_word' id='word_1_40' title='bbox 473 1147 550 1201; x_wconf 89' lang='lat' dir='ltr'><strong>sunt</strong></span> <span class='ocrx_word' id='word_1_41' title='bbox 579 1133 648 1229; x_wconf 76' lang='lat'><em>(2).</em></span> <span class='ocrx_word' id='word_1_42' title='bbox 682 1133 797 1205; x_wconf 84' lang='lat' dir='ltr'><strong>Eidem</strong></span> <span class='ocrx_word' id='word_1_43' title='bbox 821 1158 929 1231; x_wconf 78' lang='lat' dir='ltr'><strong>poenre</strong></span> <span class='ocrx_word' id='word_1_44' title='bbox 961 1134 1179 1231; x_wconf 87' lang='lat' dir='ltr'><strong>subjiciuntur</strong></span> <span class='ocrx_word' id='word_1_45' title='bbox 1208 1135 1326 1223; x_wconf 81' lang='lat' dir='ltr'><strong>etium,</strong></span> <span class='ocrx_word' id='word_1_46' title='bbox 1359 1136 1417 1229; x_wconf 94' lang='lat' dir='ltr'><strong>qui</strong></span> <span class='ocrx_word' id='word_1_47' title='bbox 1450 1136 1543 1207; x_wconf 84' lang='lat' dir='ltr'><strong>scien·</strong></span> 
     </span>
     <span class='ocr_line' id='line_1_8' title="bbox 473 1227 1544 1330; baseline 0.004 -33"><span class='ocrx_word' id='word_1_48' title='bbox 473 1243 521 1299; x_wconf 85' lang='lat' dir='ltr'><strong>tes</strong></span> <span class='ocrx_word' id='word_1_49' title='bbox 558 1230 594 1299; x_wconf 91' lang='lat' dir='ltr'><strong>in</strong></span> <span class='ocrx_word' id='word_1_50' title='bbox 643 1227 715 1303; x_wconf 93' lang='lat' dir='ltr'><strong>loco</strong></span> <span class='ocrx_word' id='word_1_51' title='bbox 752 1256 841 1303; x_wconf 77' lang='lat' dir='ltr'><strong>sucro</strong></span> <span class='ocrx_word' id='word_1_52' title='bbox 896 1230 1065 1303; x_wconf 70' lang='lat' dir='ltr'><strong>hereticos</strong></span> <span class='ocrx_word' id='word_1_53' title='bbox 1105 1229 1313 1330; x_wconf 79' lang='lat' dir='ltr'><strong>sepeliverint</strong></span> <span class='ocrx_word' id='word_1_54' title='bbox 1368 1256 1544 1327; x_wconf 88' lang='lat' dir='ltr'><strong>corumque</strong></span> 
     </span>
     <span class='ocr_line' id='line_1_9' title="bbox 471 1324 1544 1427; baseline 0.005 -34"><span class='ocrx_word' id='word_1_55' title='bbox 471 1324 631 1417; x_wconf 80' lang='lat' dir='ltr'><strong>suctores,</strong></span> <span class='ocrx_word' id='word_1_56' title='bbox 665 1326 825 1426; x_wconf 74' lang='lat' dir='ltr'><strong>hospites,</strong></span> <span class='ocrx_word' id='word_1_57' title='bbox 861 1327 1067 1416; x_wconf 75' lang='lat' dir='ltr'><strong>defensores3</strong></span> <span class='ocrx_word' id='word_1_58' title='bbox 1108 1344 1269 1427; x_wconf 75' lang='lat' dir='ltr'><strong>praetereu</strong></span> <span class='ocrx_word' id='word_1_59' title='bbox 1301 1330 1359 1425; x_wconf 86' lang='lat' dir='ltr'><strong>qui</strong></span> <span class='ocrx_word' id='word_1_60' title='bbox 1395 1354 1473 1399; x_wconf 93' lang='lat' dir='ltr'><strong>cum</strong></span> <span class='ocrx_word' id='word_1_61' title='bbox 1511 1331 1544 1398; x_wconf 84' lang='lat' dir='ltr'><strong>iis</strong></span> 
     </span>
     <span class='ocr_line' id='line_1_10' title="bbox 471 1425 1053 1522; baseline 0.007 -29"><span class='ocrx_word' id='word_1_62' title='bbox 471 1425 507 1495; x_wconf 90' lang='lat' dir='ltr'><strong>in</strong></span> <span class='ocrx_word' id='word_1_63' title='bbox 532 1427 628 1496; x_wconf 74' lang='lat' dir='ltr'><strong>sacris</strong></span> <span class='ocrx_word' id='word_1_64' title='bbox 652 1429 964 1499; x_wconf 82' lang='lat' dir='ltr'><strong>communicaverint</strong></span> <span class='ocrx_word' id='word_1_65' title='bbox 985 1426 1053 1522; x_wconf 77' lang='lat'><strong>(5).</strong></span> 
     </span>
    </p>
   </div>
   <div class='ocr_carea' id='block_1_3' title="bbox 469 1611 1546 2104">
    <p class='ocr_par' dir='ltr' id='par_1_3' title="bbox 471 1611 1546 1763">
     <span class='ocr_line' id='line_1_11' title="bbox 511 1611 1546 1701; baseline 0 -24"><span class='ocrx_word' id='word_1_66' title='bbox 511 1612 555 1696; x_wconf 78' lang='grc' dir='ltr'><strong>(Ι)</strong></span> <span class='ocrx_word' id='word_1_67' title='bbox 576 1616 651 1677; x_wconf 77' lang='lat' dir='ltr'><strong>tau.</strong></span> <span class='ocrx_word' id='word_1_68' title='bbox 677 1618 714 1678; x_wconf 81' lang='lat' dir='ltr'><strong>tt</strong></span> <span class='ocrx_word' id='word_1_69' title='bbox 739 1634 824 1678; x_wconf 84' lang='lat' dir='ltr'><strong>cous.</strong></span> <span class='ocrx_word' id='word_1_70' title='bbox 850 1618 890 1679; x_wconf 75' lang='lat' dir='ltr'><strong>tt</strong></span> <span class='ocrx_word' id='word_1_71' title='bbox 911 1636 942 1701; x_wconf 81' lang='lat' dir='ltr'><strong>q.</strong></span> <span class='ocrx_word' id='word_1_72' title='bbox 963 1618 1001 1694; x_wconf 72' lang='grc' dir='ltr'><strong>ὅς</strong></span> <span class='ocrx_word' id='word_1_73' title='bbox 1021 1634 1049 1679; x_wconf 85' lang='lat' dir='ltr'><strong>o.</strong></span> <span class='ocrx_word' id='word_1_74' title='bbox 1071 1619 1108 1695; x_wconf 88' lang='grc'><strong>8,</strong></span> <span class='ocrx_word' id='word_1_75' title='bbox 1128 1618 1164 1695; x_wconf 81' lang='grc'><strong>9,</strong></span> <span class='ocrx_word' id='word_1_76' title='bbox 1188 1618 1228 1678; x_wconf 82' lang='lat' dir='ltr'><strong>to</strong></span> <span class='ocrx_word' id='word_1_77' title='bbox 1251 1612 1288 1677; x_wconf 81' lang='lat' dir='ltr'><strong>dc</strong></span> <span class='ocrx_word' id='word_1_78' title='bbox 1312 1611 1414 1677; x_wconf 74' lang='lat' dir='ltr'><strong>heret.</strong></span> <span class='ocrx_word' id='word_1_79' title='bbox 1441 1617 1546 1679; x_wconf 63' lang='lat' dir='ltr'><strong>&amp;nior</strong></span> 
     </span>
     <span class='ocr_line' id='line_1_12' title="bbox 471 1696 984 1763; baseline 0.006 -6"><span class='ocrx_word' id='word_1_80' title='bbox 471 1696 560 1759; x_wconf 82' lang='lat' dir='ltr'><strong>etiam</strong></span> <span class='ocrx_word' id='word_1_81' title='bbox 574 1697 687 1759; x_wconf 84' lang='lat' dir='ltr'><strong>Bullem</strong></span> <span class='ocrx_word' id='word_1_82' title='bbox 700 1698 734 1760; x_wconf 82' lang='lat' dir='ltr'><strong>in</strong></span> <span class='ocrx_word' id='word_1_83' title='bbox 747 1701 837 1763; x_wconf 79' lang='lat' dir='ltr'><strong>Cocco</strong></span> <span class='ocrx_word' id='word_1_84' title='bbox 847 1699 984 1763; x_wconf 76' lang='lat' dir='ltr'><strong>Domini.</strong></span> 
     </span>
    </p>

    <p class='ocr_par' dir='ltr' id='par_1_4' title="bbox 469 1774 1545 2104">
     <span class='ocr_line' id='line_1_13' title="bbox 511 1774 1543 1861; baseline 0.002 -22"><span class='ocrx_word' id='word_1_85' title='bbox 511 1777 553 1861; x_wconf 74' lang='grc'><strong>(8)</strong></span> <span class='ocrx_word' id='word_1_86' title='bbox 572 1804 585 1832; x_wconf 79' lang='lat' dir='ltr'><strong>u</strong></span> <span class='ocrx_word' id='word_1_87' title='bbox 599 1780 749 1856; x_wconf 75' lang='lat' dir='ltr'><strong>Secunde,</strong></span> <span class='ocrx_word' id='word_1_88' title='bbox 761 1780 859 1861; x_wconf 87' lang='lat' dir='ltr'><strong>inquit</strong></span> <span class='ocrx_word' id='word_1_89' title='bbox 871 1781 1068 1860; x_wconf 85' lang='lat' dir='ltr'><strong>Hieronymus</strong></span> <span class='ocrx_word' id='word_1_90' title='bbox 1076 1786 1232 1841; x_wconf 70' lang='lat' dir='ltr'><strong>mmerst.</strong></span> <span class='ocrx_word' id='word_1_91' title='bbox 1248 1777 1282 1838; x_wconf 83' lang='lat' dir='ltr'><strong>io</strong></span> <span class='ocrx_word' id='word_1_92' title='bbox 1295 1796 1341 1859; x_wconf 78' lang='lat' dir='ltr'><strong>cp.</strong></span> <span class='ocrx_word' id='word_1_93' title='bbox 1355 1774 1397 1839; x_wconf 87' lang='lat' dir='ltr'><strong>ud</strong></span> <span class='ocrx_word' id='word_1_94' title='bbox 1409 1774 1543 1855; x_wconf 58' lang='lat' dir='ltr'><strong>Mans,</strong></span> 
     </span>
     <span class='ocr_line' id='line_1_14' title="bbox 470 1856 1539 1945; baseline 0.002 -25"><span class='ocrx_word' id='word_1_95' title='bbox 470 1878 538 1942; x_wconf 86' lang='lat' dir='ltr'><strong>cop.</strong></span> <span class='ocrx_word' id='word_1_96' title='bbox 565 1862 678 1922; x_wconf 77' lang='lat' dir='ltr'><strong>decre.</strong></span> <span class='ocrx_word' id='word_1_97' title='bbox 707 1863 727 1921; x_wconf 89' lang='grc'><strong>8</strong></span> <span class='ocrx_word' id='word_1_98' title='bbox 750 1879 819 1945; x_wconf 82' lang='lat' dir='ltr'><strong>opp.</strong></span> <span class='ocrx_word' id='word_1_99' title='bbox 839 1870 910 1924; x_wconf 87' lang='lat' dir='ltr'><strong>tom.</strong></span> <span class='ocrx_word' id='word_1_100' title='bbox 930 1864 949 1923; x_wconf 86' lang='grc'><strong>7</strong></span> <span class='ocrx_word' id='word_1_101' title='bbox 970 1858 1026 1925; x_wconf 82' lang='lat' dir='ltr'><strong>rol.</strong></span> <span class='ocrx_word' id='word_1_102' title='bbox 1050 1862 1112 1921; x_wconf 72' lang='grc'><strong>488</strong></span> <span class='ocrx_word' id='word_1_103' title='bbox 1132 1858 1205 1922; x_wconf 82' lang='lat' dir='ltr'><strong>edit.</strong></span> <span class='ocrx_word' id='word_1_104' title='bbox 1231 1856 1377 1922; x_wconf 79' lang='lat' dir='ltr'><strong>Vulicrsii</strong></span> <span class='ocrx_word' id='word_1_105' title='bbox 1403 1861 1539 1937; x_wconf 75' lang='lat' dir='ltr'><strong>Verere,</strong></span> 
     </span>
     <span class='ocr_line' id='line_1_15' title="bbox 469 1941 1545 2021; baseline 0 -18"><span class='ocrx_word' id='word_1_106' title='bbox 469 1941 598 2021; x_wconf 78' lang='lat' dir='ltr'><strong>putride</strong></span> <span class='ocrx_word' id='word_1_107' title='bbox 620 1960 737 2015; x_wconf 79' lang='lat' dir='ltr'><strong>cernes,</strong></span> <span class='ocrx_word' id='word_1_108' title='bbox 758 1952 789 2013; x_wconf 84' lang='lat' dir='ltr'><strong>et</strong></span> <span class='ocrx_word' id='word_1_109' title='bbox 807 1944 970 2005; x_wconf 81' lang='lat' dir='ltr'><strong>scabiosum</strong></span> <span class='ocrx_word' id='word_1_110' title='bbox 993 1943 1102 2005; x_wconf 77' lang='lat' dir='ltr'><strong>enimc!</strong></span> <span class='ocrx_word' id='word_1_111' title='bbox 1125 1961 1141 2002; x_wconf 86' lang='lat' dir='ltr'><strong>r</strong></span> <span class='ocrx_word' id='word_1_112' title='bbox 1162 1942 1254 2003; x_wconf 84' lang='lat' dir='ltr'><strong>crutis</strong></span> <span class='ocrx_word' id='word_1_113' title='bbox 1272 1941 1373 2003; x_wconf 84' lang='lat' dir='ltr'><strong>ovium</strong></span> <span class='ocrx_word' id='word_1_114' title='bbox 1400 1942 1545 2021; x_wconf 84' lang='lat' dir='ltr'><strong>repellen-</strong></span> 
     </span>
     <span class='ocr_line' id='line_1_16' title="bbox 469 2022 1543 2104; baseline 0.001 -22"><span class='ocrx_word' id='word_1_115' title='bbox 469 2022 553 2101; x_wconf 87' lang='lat' dir='ltr'><strong>dum,</strong></span> <span class='ocrx_word' id='word_1_116' title='bbox 565 2041 603 2084; x_wconf 89' lang='lat' dir='ltr'><strong>nc</strong></span> <span class='ocrx_word' id='word_1_117' title='bbox 612 2030 672 2085; x_wconf 82' lang='lat' dir='ltr'><strong>totu</strong></span> <span class='ocrx_word' id='word_1_118' title='bbox 683 2023 788 2085; x_wconf 84' lang='lat' dir='ltr'><strong>domus</strong></span> <span class='ocrx_word' id='word_1_119' title='bbox 799 2043 904 2101; x_wconf 81' lang='lat' dir='ltr'><strong>musso,</strong></span> <span class='ocrx_word' id='word_1_120' title='bbox 918 2044 1024 2104; x_wconf 85' lang='lat' dir='ltr'><strong>corpus</strong></span> <span class='ocrx_word' id='word_1_121' title='bbox 1034 2033 1064 2084; x_wconf 88' lang='lat' dir='ltr'><strong>et</strong></span> <span class='ocrx_word' id='word_1_122' title='bbox 1074 2023 1316 2103; x_wconf 65' lang='lat' dir='ltr'><strong>pecornurdcut,</strong></span> <span class='ocrx_word' id='word_1_123' title='bbox 1327 2033 1543 2103; x_wconf 76' lang='lat' dir='ltr'><strong>corrumpetur,</strong></span> 
     </span>
    </p>
   </div>
   <div class='ocr_carea' id='block_1_4' title="bbox 468 2104 1657 2269">
    <p class='ocr_par' dir='ltr' id='par_1_5' title="bbox 468 2104 1657 2269">
     <span class='ocr_line' id='line_1_17' title="bbox 468 2104 1656 2182; baseline 0.003 -19"><span class='ocrx_word' id='word_1_124' title='bbox 468 2112 630 2182; x_wconf 77' lang='lat' dir='ltr'><strong>putrescet,</strong></span> <span class='ocrx_word' id='word_1_125' title='bbox 660 2106 797 2167; x_wconf 82' lang='lat' dir='ltr'><strong>interest.</strong></span> <span class='ocrx_word' id='word_1_126' title='bbox 827 2106 915 2168; x_wconf 76' lang='lat' dir='ltr'><strong>Atius</strong></span> <span class='ocrx_word' id='word_1_127' title='bbox 949 2108 982 2167; x_wconf 88' lang='lat' dir='ltr'><strong>in</strong></span> <span class='ocrx_word' id='word_1_128' title='bbox 1009 2104 1205 2169; x_wconf 73' lang='lat' dir='ltr'><strong>Alexandrino</strong></span> <span class='ocrx_word' id='word_1_129' title='bbox 1231 2123 1289 2165; x_wconf 83' lang='lat' dir='ltr'><strong>uno</strong></span> <span class='ocrx_word' id='word_1_130' title='bbox 1320 2104 1445 2165; x_wconf 80' lang='lat' dir='ltr'><strong>scintille</strong></span> <span class='ocrx_word' id='word_1_131' title='bbox 1474 2106 1543 2180; x_wconf 78' lang='lat' dir='ltr'><strong>fuit3</strong></span> <span class='ocrx_word' id='word_1_132' title='bbox 1655 2117 1656 2124; x_wconf 74' lang='grc'>’</span> 
     </span>
     <span class='ocr_line' id='line_1_18' title="bbox 468 2173 1657 2269; baseline -0.001 -23"><span class='ocrx_word' id='word_1_133' title='bbox 468 2184 521 2246; x_wconf 89' lang='lat' dir='ltr'><strong>sod</strong></span> <span class='ocrx_word' id='word_1_134' title='bbox 538 2185 607 2263; x_wconf 79' lang='lat' dir='ltr'><strong>quio</strong></span> <span class='ocrx_word' id='word_1_135' title='bbox 635 2205 694 2248; x_wconf 88' lang='lat' dir='ltr'><strong>non</strong></span> <span class='ocrx_word' id='word_1_136' title='bbox 716 2188 816 2249; x_wconf 79' lang='lat' dir='ltr'><strong>stetim</strong></span> <span class='ocrx_word' id='word_1_137' title='bbox 840 2206 977 2269; x_wconf 66' lang='lat' dir='ltr'><strong>oppressu</strong></span> <span class='ocrx_word' id='word_1_138' title='bbox 1004 2196 1064 2266; x_wconf 87' lang='lat' dir='ltr'><strong>est,</strong></span> <span class='ocrx_word' id='word_1_139' title='bbox 1090 2196 1186 2249; x_wconf 90' lang='lat' dir='ltr'><strong>totum</strong></span> <span class='ocrx_word' id='word_1_140' title='bbox 1210 2186 1314 2248; x_wconf 85' lang='lat' dir='ltr'><strong>orbem</strong></span> <span class='ocrx_word' id='word_1_141' title='bbox 1338 2185 1402 2263; x_wconf 82' lang='lat' dir='ltr'><strong>ejus</strong></span> <span class='ocrx_word' id='word_1_142' title='bbox 1429 2184 1545 2248; x_wconf 81' lang='lat' dir='ltr'><strong>flammo</strong></span> <span class='ocrx_word' id='word_1_143' title='bbox 1656 2173 1657 2202; x_wconf 61' lang='lat'>¹</span> 
     </span>
    </p>
   </div>
   <div class='ocr_carea' id='block_1_5' title="bbox 470 2266 1545 2430">
    <p class='ocr_par' dir='ltr' id='par_1_6' title="bbox 470 2266 1545 2430">
     <span class='ocr_line' id='line_1_19' title="bbox 470 2266 1545 2430; baseline -0.005 -17"><span class='ocrx_word' id='word_1_144' title='bbox 470 2266 674 2429; x_wconf 49' lang='lat' dir='ltr'><strong>mddhddddii</strong></span> <span class='ocrx_word' id='word_1_145' title='bbox 689 2349 886 2428; x_wconf 78' lang='lat' dir='ltr'><strong>apostolorum</strong></span> <span class='ocrx_word' id='word_1_146' title='bbox 911 2352 950 2411; x_wconf 79' lang='lat' dir='ltr'><strong>tt</strong></span> <span class='ocrx_word' id='word_1_147' title='bbox 977 2348 1020 2412; x_wconf 71' lang='lat' dir='ltr'><strong>oi,</strong></span> <span class='ocrx_word' id='word_1_148' title='bbox 1048 2352 1105 2427; x_wconf 79' lang='lat' dir='ltr'><strong>to,</strong></span> <span class='ocrx_word' id='word_1_149' title='bbox 1129 2349 1208 2430; x_wconf 83' lang='lat' dir='ltr'><strong>opud</strong></span> <span class='ocrx_word' id='word_1_150' title='bbox 1233 2349 1325 2412; x_wconf 82' lang='lat' dir='ltr'><strong>cotel.</strong></span> <span class='ocrx_word' id='word_1_151' title='bbox 1348 2350 1414 2410; x_wconf 87' lang='lat' dir='ltr'><strong>PP.</strong></span> <span class='ocrx_word' id='word_1_152' title='bbox 1444 2350 1545 2430; x_wconf 79' lang='lat' dir='ltr'><strong>Apost.</strong></span> 
     </span>
    </p>
   </div>
   <div class='ocr_carea' id='block_1_6' title="bbox 469 2428 1660 2512">
    <p class='ocr_par' dir='ltr' id='par_1_7' title="bbox 469 2428 1660 2512">
     <span class='ocr_line' id='line_1_20' title="bbox 469 2428 1660 2512; baseline 0 -23"><span class='ocrx_word' id='word_1_153' title='bbox 469 2438 540 2490; x_wconf 85' lang='lat' dir='ltr'><strong>tom.</strong></span> <span class='ocrx_word' id='word_1_154' title='bbox 565 2431 625 2512; x_wconf 76' lang='lat' dir='ltr'><strong>tp</strong></span> <span class='ocrx_word' id='word_1_155' title='bbox 668 2433 756 2492; x_wconf 76' lang='lat' dir='ltr'><strong>,tto</strong></span> <span class='ocrx_word' id='word_1_156' title='bbox 778 2428 847 2493; x_wconf 81' lang='lat' dir='ltr'><strong>edit.</strong></span> <span class='ocrx_word' id='word_1_157' title='bbox 876 2428 1039 2495; x_wconf 77' lang='lat' dir='ltr'><strong>Autotelod.</strong></span> <span class='ocrx_word' id='word_1_158' title='bbox 1063 2433 1159 2506; x_wconf 73' lang='lat' dir='ltr'><strong>t72t5</strong></span> <span class='ocrx_word' id='word_1_159' title='bbox 1173 2430 1329 2492; x_wconf 87' lang='lat' dir='ltr'><strong>concilium</strong></span> <span class='ocrx_word' id='word_1_160' title='bbox 1352 2430 1546 2492; x_wconf 65' lang='lat' dir='ltr'><strong>laodicenum</strong></span> <span class='ocrx_word' id='word_1_161' title='bbox 1659 2467 1660 2482; x_wconf 48' lang='lat' dir='ltr'><strong>i</strong></span> 
     </span>
    </p>
   </div>
   <div class='ocr_carea' id='block_1_7' title="bbox 468 2510 1421 2590">
    <p class='ocr_par' dir='ltr' id='par_1_8' title="bbox 468 2510 1421 2590">
     <span class='ocr_line' id='line_1_21' title="bbox 468 2510 1421 2590; baseline 0.002 -20"><span class='ocrx_word' id='word_1_162' title='bbox 468 2528 537 2571; x_wconf 76' lang='lat' dir='ltr'><strong>coit.</strong></span> <span class='ocrx_word' id='word_1_163' title='bbox 548 2512 567 2571; x_wconf 89' lang='grc'>9</span> <span class='ocrx_word' id='word_1_164' title='bbox 578 2529 635 2590; x_wconf 82' lang='lat' dir='ltr'><strong>opu</strong></span> <span class='ocrx_word' id='word_1_165' title='bbox 671 2512 997 2577; x_wconf 65' lang='lat' dir='ltr'><strong>incommonitum.</strong></span> <span class='ocrx_word' id='word_1_166' title='bbox 1016 2512 1100 2576; x_wconf 79' lang='lat' dir='ltr'><strong>teci.</strong></span> <span class='ocrx_word' id='word_1_167' title='bbox 1117 2514 1173 2576; x_wconf 82' lang='lat' dir='ltr'><strong>ost</strong></span> <span class='ocrx_word' id='word_1_168' title='bbox 1190 2510 1262 2576; x_wconf 84' lang='lat' dir='ltr'><strong>edit.</strong></span> <span class='ocrx_word' id='word_1_169' title='bbox 1279 2515 1351 2576; x_wconf 80' lang='lat' dir='ltr'><strong>Ven.</strong></span> <span class='ocrx_word' id='word_1_170' title='bbox 1368 2511 1421 2573; x_wconf 82' lang='lat' dir='ltr'><strong>cit.</strong></span> 
     </span>
    </p>
   </div>
   <div class='ocr_carea' id='block_1_8' title="bbox 465 2690 1579 3568">
    <p class='ocr_par' dir='ltr' id='par_1_9' title="bbox 539 2690 1549 2784">
     <span class='ocr_line' id='line_1_22' title="bbox 539 2690 1549 2784; baseline -0.002 -20"><span class='ocrx_word' id='word_1_171' title='bbox 539 2744 549 2764; x_wconf 92' lang='lat'><strong>.</strong></span> <span class='ocrx_word' id='word_1_172' title='bbox 581 2690 627 2762; x_wconf 89' lang='lat' dir='ltr'><strong>X.</strong></span> <span class='ocrx_word' id='word_1_173' title='bbox 663 2691 827 2768; x_wconf 84' lang='lat' dir='ltr'><strong>Praeterco</strong></span> <span class='ocrx_word' id='word_1_174' title='bbox 866 2697 893 2766; x_wconf 90' lang='lat' dir='ltr'><strong>si</strong></span> <span class='ocrx_word' id='word_1_175' title='bbox 937 2693 1045 2767; x_wconf 87' lang='lat' dir='ltr'><strong>clerici</strong></span> <span class='ocrx_word' id='word_1_176' title='bbox 1085 2697 1151 2767; x_wconf 85' lang='lat' dir='ltr'><strong>sint</strong></span> <span class='ocrx_word' id='word_1_177' title='bbox 1189 2694 1356 2784; x_wconf 72' lang='lat' dir='ltr'><strong>baeretici,</strong></span> <span class='ocrx_word' id='word_1_178' title='bbox 1395 2693 1549 2764; x_wconf 83' lang='lat' dir='ltr'><strong>omnibus</strong></span> 
     </span>
    </p>

    <p class='ocr_par' dir='ltr' id='par_1_10' title="bbox 465 2786 1579 3568">
     <span class='ocr_line' id='line_1_23' title="bbox 535 2786 1579 2892; baseline -0.002 -29"><span class='ocrx_word' id='word_1_179' title='bbox 535 2790 685 2863; x_wconf 84' lang='lat' dir='ltr'><strong>esiasticis</strong></span> <span class='ocrx_word' id='word_1_180' title='bbox 724 2792 840 2864; x_wconf 89' lang='lat' dir='ltr'><strong>officiis</strong></span> <span class='ocrx_word' id='word_1_181' title='bbox 871 2786 1043 2891; x_wconf 78' lang='lat' dir='ltr'><strong>privantur</strong></span> <span class='ocrx_word' id='word_1_182' title='bbox 1083 2820 1119 2865; x_wconf 79' lang='lat' dir='ltr'><strong>sc</strong></span> <span class='ocrx_word' id='word_1_183' title='bbox 1161 2807 1323 2892; x_wconf 85' lang='lat' dir='ltr'><strong>perpetuo</strong></span> <span class='ocrx_word' id='word_1_184' title='bbox 1369 2790 1579 2887; x_wconf 66' lang='lat' dir='ltr'><strong>deponun-</strong></span> 
     </span>
     <span class='ocr_line' id='line_1_24' title="bbox 465 2887 1551 2986; baseline 0.001 -28"><span class='ocrx_word' id='word_1_185' title='bbox 465 2903 524 2958; x_wconf 87' lang='lat' dir='ltr'><strong>tur</strong></span> <span class='ocrx_word' id='word_1_186' title='bbox 554 2887 632 2986; x_wconf 79' lang='lat' dir='ltr'><strong>(i);</strong></span> <span class='ocrx_word' id='word_1_187' title='bbox 663 2905 697 2960; x_wconf 92' lang='lat' dir='ltr'><strong>et</strong></span> <span class='ocrx_word' id='word_1_188' title='bbox 730 2893 910 2986; x_wconf 74' lang='lat' dir='ltr'><strong>generatim</strong></span> <span class='ocrx_word' id='word_1_189' title='bbox 946 2890 1090 2963; x_wconf 80' lang='lat' dir='ltr'><strong>haeretici</strong></span> <span class='ocrx_word' id='word_1_190' title='bbox 1123 2891 1315 2986; x_wconf 67' lang='lat' dir='ltr'><strong>irregulares</strong></span> <span class='ocrx_word' id='word_1_191' title='bbox 1351 2905 1450 2977; x_wconf 66' lang='lat' dir='ltr'><strong>sunt,</strong></span> <span class='ocrx_word' id='word_1_192' title='bbox 1487 2892 1551 2959; x_wconf 85' lang='lat' dir='ltr'><strong>sire</strong></span> 
     </span>
     <span class='ocr_line' id='line_1_25' title="bbox 467 2984 1550 3086; baseline -0.001 -30"><span class='ocrx_word' id='word_1_193' title='bbox 467 2987 518 3056; x_wconf 87' lang='lat' dir='ltr'><strong>in</strong></span> <span class='ocrx_word' id='word_1_194' title='bbox 545 2985 660 3058; x_wconf 76' lang='lat' dir='ltr'><strong>heresi</strong></span> <span class='ocrx_word' id='word_1_195' title='bbox 704 2987 858 3086; x_wconf 78' lang='lat' dir='ltr'><strong>baptizoti</strong></span> <span class='ocrx_word' id='word_1_196' title='bbox 894 2989 1035 3079; x_wconf 79' lang='lat' dir='ltr'><strong>suerint,</strong></span> <span class='ocrx_word' id='word_1_197' title='bbox 1081 2991 1148 3059; x_wconf 81' lang='lat' dir='ltr'><strong>sire</strong></span> <span class='ocrx_word' id='word_1_198' title='bbox 1184 2991 1221 3058; x_wconf 90' lang='lat' dir='ltr'><strong>in</strong></span> <span class='ocrx_word' id='word_1_199' title='bbox 1256 3011 1328 3059; x_wconf 77' lang='lat' dir='ltr'><strong>enm</strong></span> <span class='ocrx_word' id='word_1_200' title='bbox 1372 2984 1550 3058; x_wconf 83' lang='lat' dir='ltr'><strong>inciderint</strong></span> 
     </span>
     <span class='ocr_line' id='line_1_26' title="bbox 467 3085 1551 3183; baseline -0.001 -28"><span class='ocrx_word' id='word_1_201' title='bbox 467 3099 542 3179; x_wconf 80' lang='lat' dir='ltr'><strong>post</strong></span> <span class='ocrx_word' id='word_1_202' title='bbox 569 3100 739 3183; x_wconf 81' lang='lat' dir='ltr'><strong>acceptum</strong></span> <span class='ocrx_word' id='word_1_203' title='bbox 771 3089 807 3158; x_wconf 89' lang='lat' dir='ltr'><strong>in</strong></span> <span class='ocrx_word' id='word_1_204' title='bbox 838 3085 996 3159; x_wconf 73' lang='lat' dir='ltr'><strong>catholica</strong></span> <span class='ocrx_word' id='word_1_205' title='bbox 1032 3085 1100 3157; x_wconf 89' lang='lat' dir='ltr'><strong>fide</strong></span> <span class='ocrx_word' id='word_1_206' title='bbox 1126 3085 1350 3181; x_wconf 70' lang='lat' dir='ltr'><strong>baptismum3</strong></span> <span class='ocrx_word' id='word_1_207' title='bbox 1382 3109 1461 3154; x_wconf 88' lang='lat' dir='ltr'><strong>nom</strong></span> <span class='ocrx_word' id='word_1_208' title='bbox 1497 3109 1551 3154; x_wconf 88' lang='lat' dir='ltr'><strong>re·</strong></span> 
     </span>
     <span class='ocr_line' id='line_1_27' title="bbox 467 3181 1548 3279; baseline 0.004 -32"><span class='ocrx_word' id='word_1_209' title='bbox 467 3183 550 3253; x_wconf 83' lang='lat' dir='ltr'><strong>versi</strong></span> <span class='ocrx_word' id='word_1_210' title='bbox 574 3181 613 3252; x_wconf 83' lang='lat' dir='ltr'><strong>nd</strong></span> <span class='ocrx_word' id='word_1_211' title='bbox 651 3184 821 3256; x_wconf 81' lang='lat' dir='ltr'><strong>ecclesium</strong></span> <span class='ocrx_word' id='word_1_212' title='bbox 853 3183 1046 3256; x_wconf 72' lang='lat' dir='ltr'><strong>catholicum</strong></span> <span class='ocrx_word' id='word_1_213' title='bbox 1074 3199 1243 3279; x_wconf 75' lang='lat' dir='ltr'><strong>tamquam</strong></span> <span class='ocrx_word' id='word_1_214' title='bbox 1271 3181 1344 3251; x_wconf 79' lang='lat' dir='ltr'><strong>laici</strong></span> <span class='ocrx_word' id='word_1_215' title='bbox 1377 3182 1548 3276; x_wconf 87' lang='lat' dir='ltr'><strong>recipiun-</strong></span> 
     </span>
     <span class='ocr_line' id='line_1_28' title="bbox 470 3277 1547 3377; baseline 0.001 -32"><span class='ocrx_word' id='word_1_216' title='bbox 470 3291 524 3346; x_wconf 91' lang='lat' dir='ltr'><strong>tur</strong></span> <span class='ocrx_word' id='word_1_217' title='bbox 560 3302 597 3348; x_wconf 73' lang='grc' dir='ltr'><strong>ιο</strong></span> <span class='ocrx_word' id='word_1_218' title='bbox 637 3297 798 3377; x_wconf 87' lang='lat' dir='ltr'><strong>perpetuo</strong></span> <span class='ocrx_word' id='word_1_219' title='bbox 833 3307 853 3352; x_wconf 82' lang='lat' dir='ltr'><strong>o</strong></span> <span class='ocrx_word' id='word_1_220' title='bbox 888 3307 978 3354; x_wconf 79' lang='lat' dir='ltr'><strong>sucro</strong></span> <span class='ocrx_word' id='word_1_221' title='bbox 1018 3282 1198 3351; x_wconf 85' lang='lat' dir='ltr'><strong>ministerio</strong></span> <span class='ocrx_word' id='word_1_222' title='bbox 1234 3278 1441 3376; x_wconf 84' lang='lat' dir='ltr'><strong>repelluntur</strong></span> <span class='ocrx_word' id='word_1_223' title='bbox 1480 3277 1547 3373; x_wconf 71' lang='grc'><strong>(8).</strong></span> 
     </span>
     <span class='ocr_line' id='line_1_29' title="bbox 468 3371 1551 3541; baseline 0.002 -99"><span class='ocrx_word' id='word_1_224' title='bbox 468 3371 592 3444; x_wconf 83' lang='lat' dir='ltr'><strong>Eodem</strong></span> <span class='ocrx_word' id='word_1_225' title='bbox 624 3373 694 3446; x_wconf 76' lang='lat' dir='ltr'><strong>haec</strong></span> <span class='ocrx_word' id='word_1_226' title='bbox 719 3401 818 3474; x_wconf 82' lang='lat' dir='ltr'><strong>poenn</strong></span> <span class='ocrx_word' id='word_1_227' title='bbox 844 3383 990 3477; x_wconf 88' lang='lat' dir='ltr'><strong>pertinet</strong></span> <span class='ocrx_word' id='word_1_228' title='bbox 1010 3379 1107 3448; x_wconf 84' lang='lat' dir='ltr'><strong>etism</strong></span> <span class='ocrx_word' id='word_1_229' title='bbox 1135 3375 1176 3448; x_wconf 84' lang='lat' dir='ltr'><strong>od</strong></span> <span class='ocrx_word' id='word_1_230' title='bbox 1214 3399 1292 3465; x_wconf 84' lang='lat' dir='ltr'><strong>cos,</strong></span> <span class='ocrx_word' id='word_1_231' title='bbox 1325 3377 1384 3541; x_wconf 61' lang='lat' dir='ltr'><strong>pui</strong></span> <span class='ocrx_word' id='word_1_232' title='bbox 1413 3374 1551 3448; x_wconf 82' lang='lat' dir='ltr'><strong>haereti-</strong></span> 
     </span>
     <span class='ocr_line' id='line_1_30' title="bbox 468 3471 1552 3568; baseline 0.002 -28"><span class='ocrx_word' id='word_1_233' title='bbox 468 3493 523 3540; x_wconf 90' lang='lat' dir='ltr'><strong>oos</strong></span> <span class='ocrx_word' id='word_1_234' title='bbox 547 3473 730 3568; x_wconf 80' lang='lat' dir='ltr'><strong>rccipiunt,</strong></span> <span class='ocrx_word' id='word_1_235' title='bbox 760 3477 838 3546; x_wconf 76' lang='lat' dir='ltr'><strong>iisse</strong></span> <span class='ocrx_word' id='word_1_236' title='bbox 872 3475 1004 3566; x_wconf 80' lang='lat' dir='ltr'><strong>forent,</strong></span> <span class='ocrx_word' id='word_1_237' title='bbox 1043 3490 1099 3550; x_wconf 85' lang='lat' dir='ltr'><strong>out</strong></span> <span class='ocrx_word' id='word_1_238' title='bbox 1137 3498 1192 3547; x_wconf 85' lang='lat' dir='ltr'><strong>eos</strong></span> <span class='ocrx_word' id='word_1_239' title='bbox 1228 3471 1327 3545; x_wconf 84' lang='lat' dir='ltr'><strong>defen</strong></span> <span class='ocrx_word' id='word_1_240' title='bbox 1352 3487 1432 3562; x_wconf 84' lang='lat' dir='ltr'><strong>unt,</strong></span> <span class='ocrx_word' id='word_1_241' title='bbox 1472 3473 1552 3542; x_wconf 88' lang='lat' dir='ltr'><strong>item</strong></span> 
     </span>
    </p>
   </div>
   <div class='ocr_carea' id='block_1_9' title="bbox 468 3564 1554 4154">
    <p class='ocr_par' dir='ltr' id='par_1_11' title="bbox 468 3564 1554 4154">
     <span class='ocr_line' id='line_1_31' title="bbox 468 3564 1553 3669; baseline 0.001 -33"><span class='ocrx_word' id='word_1_242' title='bbox 468 3564 512 3636; x_wconf 81' lang='lat' dir='ltr'><strong>ad</strong></span> <span class='ocrx_word' id='word_1_243' title='bbox 540 3591 655 3638; x_wconf 91' lang='lat' dir='ltr'><strong>eorum</strong></span> <span class='ocrx_word' id='word_1_244' title='bbox 683 3567 802 3643; x_wconf 88' lang='lat' dir='ltr'><strong>liberos</strong></span> <span class='ocrx_word' id='word_1_245' title='bbox 833 3595 873 3642; x_wconf 86' lang='lat' dir='ltr'><strong>ex</strong></span> <span class='ocrx_word' id='word_1_246' title='bbox 901 3588 1038 3669; x_wconf 84' lang='lat' dir='ltr'><strong>prternu</strong></span> <span class='ocrx_word' id='word_1_247' title='bbox 1065 3571 1150 3643; x_wconf 83' lang='lat' dir='ltr'><strong>lines</strong></span> <span class='ocrx_word' id='word_1_248' title='bbox 1178 3570 1221 3641; x_wconf 87' lang='lat' dir='ltr'><strong>nd</strong></span> <span class='ocrx_word' id='word_1_249' title='bbox 1252 3572 1397 3668; x_wconf 87' lang='lat' dir='ltr'><strong>primum</strong></span> <span class='ocrx_word' id='word_1_250' title='bbox 1433 3583 1470 3639; x_wconf 88' lang='lat' dir='ltr'><strong>et</strong></span> <span class='ocrx_word' id='word_1_251' title='bbox 1501 3567 1553 3638; x_wconf 80' lang='lat' dir='ltr'><strong>cl-</strong></span> 
     </span>
     <span class='ocr_line' id='line_1_32' title="bbox 469 3661 1553 3765; baseline 0.002 -31"><span class='ocrx_word' id='word_1_252' title='bbox 469 3677 579 3735; x_wconf 87' lang='lat' dir='ltr'><strong>terum</strong></span> <span class='ocrx_word' id='word_1_253' title='bbox 610 3661 768 3760; x_wconf 55' lang='lat' dir='ltr'><strong>madum,</strong></span> <span class='ocrx_word' id='word_1_254' title='bbox 806 3693 846 3740; x_wconf 84' lang='lat' dir='ltr'><strong>ex</strong></span> <span class='ocrx_word' id='word_1_255' title='bbox 885 3685 1032 3741; x_wconf 79' lang='lat' dir='ltr'><strong>mnterm</strong></span> <span class='ocrx_word' id='word_1_256' title='bbox 1064 3693 1168 3765; x_wconf 81' lang='lat' dir='ltr'><strong>usque</strong></span> <span class='ocrx_word' id='word_1_257' title='bbox 1205 3667 1247 3738; x_wconf 89' lang='lat' dir='ltr'><strong>ud</strong></span> <span class='ocrx_word' id='word_1_258' title='bbox 1286 3670 1434 3763; x_wconf 90' lang='lat' dir='ltr'><strong>primum</strong></span> <span class='ocrx_word' id='word_1_259' title='bbox 1472 3681 1553 3736; x_wconf 78' lang='lat' dir='ltr'><strong>ton·</strong></span> 
     </span>
     <span class='ocr_line' id='line_1_33' title="bbox 468 3761 1552 3862; baseline 0.002 -33"><span class='ocrx_word' id='word_1_260' title='bbox 468 3775 556 3852; x_wconf 80' lang='lat' dir='ltr'><strong>tum,</strong></span> <span class='ocrx_word' id='word_1_261' title='bbox 587 3763 614 3832; x_wconf 91' lang='lat' dir='ltr'><strong>si</strong></span> <span class='ocrx_word' id='word_1_262' title='bbox 634 3785 748 3836; x_wconf 92' lang='lat' dir='ltr'><strong>eorum</strong></span> <span class='ocrx_word' id='word_1_263' title='bbox 770 3779 923 3862; x_wconf 75' lang='lat' dir='ltr'><strong>parentes</strong></span> <span class='ocrx_word' id='word_1_264' title='bbox 941 3768 976 3836; x_wconf 93' lang='lat' dir='ltr'><strong>in</strong></span> <span class='ocrx_word' id='word_1_265' title='bbox 996 3763 1110 3837; x_wconf 77' lang='lat' dir='ltr'><strong>heresi</strong></span> <span class='ocrx_word' id='word_1_266' title='bbox 1136 3763 1331 3837; x_wconf 77' lang='lat' dir='ltr'><strong>decesserint</strong></span> <span class='ocrx_word' id='word_1_267' title='bbox 1348 3761 1427 3860; x_wconf 74' lang='grc' dir='ltr'>(ὅ);</span> <span class='ocrx_word' id='word_1_268' title='bbox 1456 3761 1552 3833; x_wconf 87' lang='lat' dir='ltr'><strong>deni·</strong></span> 
     </span>
     <span class='ocr_line' id='line_1_34' title="bbox 468 3857 1554 3960; baseline 0 -31"><span class='ocrx_word' id='word_1_269' title='bbox 468 3884 535 3954; x_wconf 84' lang='lat' dir='ltr'><strong>que</strong></span> <span class='ocrx_word' id='word_1_270' title='bbox 564 3860 600 3932; x_wconf 93' lang='lat' dir='ltr'><strong>in</strong></span> <span class='ocrx_word' id='word_1_271' title='bbox 635 3857 749 3934; x_wconf 80' lang='lat' dir='ltr'><strong>haeresi</strong></span> <span class='ocrx_word' id='word_1_272' title='bbox 785 3877 1027 3960; x_wconf 81' lang='lat' dir='ltr'><strong>perseverantes</strong></span> <span class='ocrx_word' id='word_1_273' title='bbox 1059 3887 1136 3934; x_wconf 88' lang='lat' dir='ltr'><strong>cum</strong></span> <span class='ocrx_word' id='word_1_274' title='bbox 1167 3861 1365 3960; x_wconf 74' lang='lat' dir='ltr'><strong>pertinacia,</strong></span> <span class='ocrx_word' id='word_1_275' title='bbox 1405 3858 1554 3931; x_wconf 81' lang='lat' dir='ltr'><strong>saeculrn&#39;</strong></span> 
     </span>
     <span class='ocr_line' id='line_1_35' title="bbox 468 3955 1553 4058; baseline -0.002 -30"><span class='ocrx_word' id='word_1_276' title='bbox 468 3960 568 4030; x_wconf 83' lang='lat' dir='ltr'><strong>ourire</strong></span> <span class='ocrx_word' id='word_1_277' title='bbox 598 3955 788 4048; x_wconf 79' lang='lat' dir='ltr'><strong>truduntur,</strong></span> <span class='ocrx_word' id='word_1_278' title='bbox 815 3975 854 4030; x_wconf 89' lang='lat' dir='ltr'><strong>ut</strong></span> <span class='ocrx_word' id='word_1_279' title='bbox 877 3961 1000 4032; x_wconf 86' lang='lat' dir='ltr'><strong>meritis</strong></span> <span class='ocrx_word' id='word_1_280' title='bbox 1021 3957 1209 4055; x_wconf 84' lang='lat' dir='ltr'><strong>plectuntur</strong></span> <span class='ocrx_word' id='word_1_281' title='bbox 1232 3961 1337 4058; x_wconf 73' lang='lat' dir='ltr'><strong>poenis</strong></span> <span class='ocrx_word' id='word_1_282' title='bbox 1358 3957 1427 4054; x_wconf 75' lang='lat'>(4),</span> <span class='ocrx_word' id='word_1_283' title='bbox 1450 3972 1553 4054; x_wconf 81' lang='lat' dir='ltr'><strong>etque</strong></span> 
     </span>
     <span class='ocr_line' id='line_1_36' title="bbox 470 4053 1552 4154; baseline -0.001 -30"><span class='ocrx_word' id='word_1_284' title='bbox 470 4053 506 4124; x_wconf 92' lang='lat' dir='ltr'><strong>in</strong></span> <span class='ocrx_word' id='word_1_285' title='bbox 530 4081 640 4131; x_wconf 88' lang='lat' dir='ltr'><strong>errore</strong></span> <span class='ocrx_word' id='word_1_286' title='bbox 661 4059 838 4132; x_wconf 86' lang='lat' dir='ltr'><strong>morientes</strong></span> <span class='ocrx_word' id='word_1_287' title='bbox 863 4055 1073 4132; x_wconf 73' lang='lat' dir='ltr'><strong>ecclesiastico</strong></span> <span class='ocrx_word' id='word_1_288' title='bbox 1093 4055 1259 4154; x_wconf 74' lang='lat' dir='ltr'><strong>sepultura</strong></span> <span class='ocrx_word' id='word_1_289' title='bbox 1283 4057 1457 4152; x_wconf 84' lang='lat' dir='ltr'><strong>priventur</strong></span> <span class='ocrx_word' id='word_1_290' title='bbox 1482 4053 1552 4150; x_wconf 82' lang='lat'><strong>(5).</strong></span> 
     </span>
    </p>
   </div>
   <div class='ocr_carea' id='block_1_10' title="bbox 0 0 1797 5625">
    <p class='ocr_par' dir='ltr' id='par_1_12' title="bbox 0 0 1797 5625">
     <span class='ocr_line' id='line_1_37' title="bbox 0 0 1797 5625; baseline 0 0"><span class='ocrx_word' id='word_1_291' title='bbox 0 0 1797 5625; x_wconf 95' lang='lat' dir='ltr'><strong> </strong></span> 
     </span>
    </p>
   </div>
  </div>
 </body>
</html>
