3575 5625
663 597 884 666 -515-

248 735 417 831 beneficia,
453 744 581 832 officia,
623 744 813 840 dignitates,
840 763 944 818 uetera
980 747 1105 840 generis
1140 743 1299 842 ejusdam.

246 840 368 911 Horum
400 842 549 938 quadam
592 843 703 915 divino
725 846 802 940 jure
824 843 1002 940 spiritualia
1033 859 1123 932 sunt,
1150 859 1184 914 at
1209 867 1305 942 quae-

247 937 318 1008 dam
354 939 399 1012 ob
429 940 570 1014 ecclesia
602 941 727 1014 bonum
761 945 796 1012 in
826 941 1040 1040 spiritualium
1075 967 1205 1012 sensnm
1228 943 1305 1040 jure

246 1037 451 1110 aeclesiastico
473 1039 573 1110 relata
591 1054 689 1128 aunt,
713 1037 852 1138 ideoque
866 1039 928 1111 alia
942 1041 1026 1138 juris
1043 1039 1140 1108 divini
1173 1041 1306 1111 simonia

246 1151 277 1204 et
311 1134 373 1206 alia
411 1136 610 1209 ecclesiastici
645 1139 729 1235 juris
766 1155 827 1210 est.
860 1138 900 1209 ln
934 1137 984 1208 his
1017 1151 1123 1208 tamen
1158 1137 1307 1206 omuibus

246 1232 470 1330 distinguenda
492 1251 570 1308 sunt
587 1235 759 1332 diligenter
785 1253 903 1336 sponte
923 1235 1050 1328 oblata,
1079 1235 1120 1305 ab
1150 1236 1208 1321 iis,
1233 1259 1306 1330 quta

245 1331 315 1403 ideo
335 1333 474 1422 dantur,
496 1351 534 1405 ut
554 1334 730 1432 spiritualia
751 1338 961 1433 aocipiantur.
981 1333 1108 1430 Sponte
1120 1331 1227 1404 oblata
1240 1333 1308 1402 sine

246 1432 320 1500 sitio
335 1433 482 1504 simonia
499 1435 535 1503 in
548 1459 658 1504 rerum
674 1434 890 1531 spiritualium
908 1431 1188 1504 administratione
1209 1431 1309 1528 raoipi

245 1547 379 1624 possum
400 1530 467 1626 (l).
493 1529 569 1603 Non
583 1534 673 1603 enim
695 1531 817 1603 dantur
836 1549 1004 1628 tamqnam
1028 1533 1170 1628 pretium
1198 1553 1307 1599 rerum

246 1626 474 1722 spiritualium,
501 1628 559 1700 sed
589 1631 699 1725 potius
724 1629 865 1718 dantur,
891 1646 1062 1700 uteorum
1084 1653 1147 1725 ope
1168 1625 1309 1710 aeclesiae

244 1727 383 1797 ministri
413 1729 512 1797 vitam
546 1726 732 1798 traducant.

283 1949 327 2030 (t)
347 1951 473 2011 consum
487 1949 711 2012 Thomassioam
726 1958 784 2011 aet.
799 1958 829 2013 et
851 1967 920 2010 noo.
942 1947 1039 2012 eda.
1060 1946 1178 2030 duripl.
1201 1967 1269 2031 por.
1290 1951 1309 2008 5

241 2026 324 2092 tior
351 2050 420 2112 aop.
439 2034 479 2093 69
498 2040 527 2092 et
545 2051 620 2116 aeq„
641 2033 771 2112 itemque
787 2033 921 2108 ooatmla,
943 2051 1010 2112 quaa
1026 2049 1081 2112 ego
1098 2031 1199 2111 aaripai
1218 2027 1269 2092 lais.
1290 2033 1310 2090 2

242 2110 405 2174 roaros.
419 2116 437 2175 s
449 2113 476 2196 s.
493 2117 532 2176 ot
544 2112 1017 2198 populoniensem.
1034 2115 1105 2176 ns.

291 2310 323 2412 ς.
356 2311 415 2382 vl.
457 2311 543 2384 Sane
582 2311 729 2384 Christus
770 2312 931 2384 Dominus
973 2310 1133 2409 apostolos
1176 2313 1307 2381 mittens

244 2414 280 2480 in
310 2408 423 2481 orbem
458 2427 620 2482 terrarum
653 2435 709 2484 aas
736 2413 843 2484 rivere
882 2410 986 2484 voluit
1025 2409 1068 2482 de
1112 2407 1307 2503 Evangelio,

246 2507 334 2606 quod
369 2509 574 2580 nuntiabant.
611 2509 660 2580 Ex
701 2535 766 2608 qua
803 2509 951 2583 doctrina
984 2511 1049 2580 sire
1085 2511 1120 2579 in
1153 2508 1310 2578 adminis-

246 2604 369 2678 trandis
401 2608 629 2695 sacramentis,
660 2608 726 2679 sire
766 2610 802 2678 in
833 2608 902 2680 aliia
941 2607 1159 2679 aeclesiasticis
1195 2605 1310 2677 officiis

246 2705 432 2778 exeroendis
466 2729 595 2802 semper
636 2704 766 2778 ooalesia
814 2723 902 2779 reate
949 2731 986 2777 aa
1038 2707 1156 2778 merito
1195 2715 1311 2800 sponte

248 2804 350 2877 oblata
387 2806 522 2903 reoepit.
558 2801 759 2901 Eodemque·
781 2805 857 2903 jure
892 2820 1066 2877 censentur
1103 2801 1225 2875 reditus
1253 2825 1311 2872 aa·

247 2904 430 2991 clesiastiei,
467 2927 550 3000 quos
579 2900 687 2973 cleriei
722 2903 903 2999 aooipiunt,
942 2927 1010 2974 non
1038 2918 1203 2997 tamquam
1257 2923 1312 2969 re-

250 3007 330 3073 tium
365 3026 479 3073 rerum
516 2998 751 3097 spiritualium,
789 3026 871 3097 quos
906 2996 1153 3087 administrant,
1186 2924 1256 3067 aad
1275 3011 1313 3063 ut

247 3128 283 3171 ex
311 3103 349 3174 iis
375 3099 531 3188 habeant,
565 3124 642 3197 quae
668 3114 746 3169 sunt
774 3098 817 3169 ad
842 3101 942 3169 vitam
967 3098 1142 3169 neaemaria
1170 3094 1236 3191 (1).

286 3299 327 3380 (t)
348 3299 476 3363 Consule
487 3302 518 3362 S.
531 3298 676 3361 Thomam
690 3300 721 3360 2.
737 3300 822 3381 too.
838 3301 971 3359 wlturt.
986 3300 1044 3358 tet
1059 3300 1089 3357 5.

294 3483 326 3584 ς.
366 3481 446 3553 Vll.
482 3480 526 3551 At
564 3506 763 3579 quamquam
807 3496 924 3579 sponte
952 3478 1059 3552 oblata
1102 3492 1189 3549 route
1227 3478 1313 3547 acci-

249 3586 405 3679 piantur,
447 3596 556 3651 tamen
596 3578 775 3651 cavendum
815 3595 863 3649 est
900 3578 1092 3674 diligenter,
1130 3592 1167 3646 ut
1202 3577 1238 3645 in
1265 3573 1313 3644 his

250 3708 383 3780 quoque
408 3677 505 3750 rebus
536 3677 578 3746 ab
603 3676 743 3750 enclesis
769 3680 924 3749 ministris
953 3678 1058 3750 omnia
1090 3676 1205 3773 procul
1231 3672 1315 3743 absit

251 3796 285 3850 tu
327 3785 353 3851 is
386 3791 529 3875 quaestus
571 3792 606 3847 et
644 3778 784 3849 avaritiae
821 3778 971 3873 suspitio.
1016 3772 1125 3859 Quare
1172 3768 1315 3875 synodus

251 3808 450 4043 Elideritapa
479 3876 630 3964 sancivit,
673 3890 711 3944 ut
752 3874 973 4043 oateolumppi
1012 3873 1209 3985 baptismum
1241 3892 1315 4035 sust-

252 4002 286 4047 oe
348 3979 378 4047 ri
432 4000 451 4045 e
487 3997 577 4043 more
609 3998 761 4045 nummos
781 3976 815 4044 in
847 3998 928 4045 conc
950 3997 1003 4043 am
1035 3997 1101 4043 non
1134 3984 1313 4051 mitteran,

252 3994 482 4193 oePtlooettlot
515 4072 609 4185 quod
643 4078 760 4186 protei
793 4077 945 4183 ‘'W‘'
975 4075 1090 4183 pratris
1123 4062 1316 4178 da'strodara

252 4174 418 4249 adeatur·
441 4171 510 4268 (l).
547 4168 631 4242 limo
664 4187 762 4243 ettam
792 4196 810 4239 a
846 4168 1046 4239 Tndentrnrs
1074 4162 1225 4235 Patribus
1261 4163 1315 4262 (l)
