3575 5625
710 573 933 645 -555-

276 726 366 806 periti
383 724 461 804 juria
477 723 609 784 canonici
630 730 660 783 et
681 722 838 801 scriptores
858 739 958 784 rerum
980 719 1231 806 theologicorum,
1260 745 1362 806 quam·

275 825 365 888 quam
384 805 466 867 aliud
483 805 665 884 seripserunt
682 804 795 882 antiqui
817 804 941 865 Romani
961 803 1179 884 jurisconsulti,
1204 827 1278 886 quos
1297 808 1361 872 he·

276 890 361 951 retici
383 886 549 965 complures
569 885 686 963 sequuti
707 892 788 946 sunt.
815 887 891 947 Sane
909 903 943 944 re
959 889 1073 966 cognita
1098 896 1127 948 et
1148 907 1274 969 expensa
1295 890 1361 951 dili-

276 979 401 1052 genter,
413 965 579 1031 Alexander
595 969 650 1028 Vll
672 967 940 1047 incongregatione
954 967 1082 1048 generali
1099 977 1205 1032 sanetae
1219 974 1360 1035 Romane

277 1051 423 1127 ecclesie,
446 1050 565 1111 decretu
588 1045 669 1108 edita
692 1049 733 1110 18
755 1048 853 1108 martii
881 1048 962 1110 1666
987 1047 1063 1109 hane
1080 1049 1229 1112 damnarit
1252 1069 1360 1134 propo·

278 1134 438 1195 sitionem:
465 1131 618 1194 «licitum
639 1147 702 1191 esse
715 1131 864 1190 mutuanti
876 1129 990 1210 aliquid
1004 1130 1082 1190 altra
1100 1139 1209 1192 sortem
1223 1135 1357 1214 exigere,

278 1217 303 1275 si
318 1234 350 1276 se
359 1213 472 1294 obliget
484 1213 522 1273 ad
533 1230 592 1274 non
604 1212 793 1290 repetendam
805 1217 916 1273 sortem
927 1230 1020 1290 usquc
1030 1212 1188 1274 adcertum
1199 1221 1324 1294 tempus.
1339 1243 1352 1272 ιι

278 1300 353 1360 rtem
367 1296 444 1356 ratio
469 1302 500 1354 et
520 1293 643 1372 aequitas
660 1293 801 1354 naturalia
815 1293 960 1370 ostendit,
976 1294 1088 1355 nullam
1115 1293 1281 1356 habendam
1297 1316 1359 1360 esse

274 1379 425 1439 rationem
438 1393 546 1451 more,
560 1393 628 1453 quae
642 1393 738 1454 neque
751 1375 867 1435 lucrum
880 1375 1007 1451 ademit,
1026 1393 1121 1456 neque
1134 1376 1245 1455 aliquid
1260 1379 1359 1441 attulit

279 1459 464 1520 detrimenti.
486 1455 545 1519 «si
569 1455 645 1517 nihil
660 1455 777 1517 intersit
800 1457 918 1531 actoris,
937 1457 1035 1536 inquit
1052 1459 1159 1520 Paulus
1173 1457 1206 1518 in
1228 1459 1263 1519 1.
1283 1459 1356 1544 11Ῑ.

279 1541 394 1619 siquis
414 1540 446 1600 in
464 1538 661 1617 juaromtus,
684 1555 743 1598 non
764 1538 848 1614 ierit,
873 1537 1075 1600 adversarium
1099 1541 1130 1600 in
1152 1539 1200 1618 jus
1222 1550 1358 1603 vocatum

279 1621 395 1684 venisse
409 1620 544 1681 condicta
557 1618 623 1695 die,
639 1627 749 1698 praetor
770 1637 861 1699 morte
878 1637 994 1698 punam
1008 1621 1145 1682 remittit.
1163 1646 1175 1674 a
1207 1626 1280 1683 Cum
1299 1641 1358 1702 quo

278 1703 424 1764 censentit
445 1701 530 1781 cujas
544 1701 663 1784 10109.
688 1700 756 1784 8ff.
778 1701 814 1763 Si
869 1699 1047 1764 ireoutr'oo.
1076 1702 1110 1762 in
1128 1701 1229 1784 judie.
1254 1705 1356 1766 elaten.

279 1803 365 1847 caua.
388 1783 547 1866 foetorem
568 1780 726 1866 oltemper.
748 1785 813 1858 Quo
857 1785 889 1843 in
910 1783 1048 1845 omnibus
1074 1785 1237 1865 generatim
1264 1788 1358 1848 causis

279 1867 417 1928 constitui
431 1865 579 1926 desiderat
594 1867 795 1926 Hotomaunue
809 1864 843 1925 io
856 1863 934 1948 disp.
949 1862 984 1926 de
996 1881 1081 1926 moro
1092 1884 1159 1946 cop.
1175 1869 1290 1928 enum.
1306 1871 1357 1930 15.

280 1947 480 2010 Vehementer
500 1955 598 2008 autem
612 1954 729 2022 emant,
745 1945 796 2026 qui
820 1954 996 2025 presentem
1017 1949 1171 2026 pecuniam
1190 1967 1225 2008 ex
1239 1967 1271 2008 ae
1295 1950 1357 2028 ipsa

281 2029 482 2108 pretiosiorem
501 2047 590 2108 quam
612 2029 743 2089 futuram
769 2035 891 2106 putant,
918 2045 1026 2107 eosque
1048 2031 1154 2090 merito
1175 2029 1284 2090 refellit
1307 2035 1359 2094 ln·

282 2111 432 2171 nocentius
446 2113 505 2186 xl,
528 2109 600 2170 dum
617 2110 695 2172 inter
708 2108 860 2170 damnatas
883 2110 1053 2189 proscripsit
1067 2111 1297 2190 propositionem
1317 2116 1352 2174 11

282 2199 448 2272 conceptam
471 2192 517 2253 lois
537 2190 652 2252 verbiar
682 2217 695 2245 a
720 2194 794 2253 Cum
814 2199 966 2252 numerata
989 2193 1111 2270 pecunia
1137 2194 1292 2272 pretiosior
1320 2196 1358 2255 sit

280 2291 368 2351 quem
387 2273 586 2348 numeranda3
615 2280 645 2334 et
668 2273 767 2334 001100
787 2273 844 2348 sit,
865 2274 916 2352 qui
941 2291 1001 2336 non
1020 2273 1138 2352 majoris
1163 2276 1247 2337 100101
1268 2293 1358 2354 pecu-

279 2355 359 2416 niam
381 2363 554 2434 presentem
581 2373 669 2433 quam
693 2354 840 2430 futuram,
868 2361 964 2432 potest
988 2355 1117 2416 creditor
1141 2355 1252 2434 aliquid
1279 2357 1357 2419 ultra

278 2446 388 2497 sortem
401 2455 418 2496 0
433 2437 610 2497 mutuatario
621 2437 754 2517 erigere,
770 2445 800 2496 et
812 2453 847 2496 eo
861 2436 948 2498 titulo
963 2436 1001 2497 ab
1014 2455 1102 2498 usura
1115 2439 1258 2499 excusari.
1277 2463 1291 2492 0

333 2521 353 2580 2
386 2520 434 2581 Sic
445 2519 610 2579 llarcianus
622 2517 656 2578 in
668 2519 703 2578 L.
720 2521 759 2579 55
772 2516 807 2600 ff.
819 2515 855 2578 de
866 2536 955 2580 usur.
971 2525 1001 2580 01
1012 2516 1135 2602 [mutili.

333 2601 351 2662 5
383 2604 472 2662 llere
486 2597 664 2682 impulorie
682 2599 773 2660 multa
791 2600 821 2658 in
842 2603 915 2662 lure
935 2601 1098 2679 presertim
1122 2599 1199 2662 civili
1224 2601 1356 2678 exempla

279 2691 359 2742 sunt.
383 2681 504 2743 Celebre
527 2684 558 2742 in
577 2681 682 2760 primis
700 2689 744 2741 001
766 2680 839 2741 illud
854 2681 934 2760 quod
952 2681 1119 2760 suppeditat
1137 2681 1172 2742 1.
1198 2681 1314 2744 attrabit
1338 2684 1356 2743 5

280 2761 346 2825 cod.
372 2759 409 2825 de
430 2771 488 2825 001.
507 2771 610 2845 empt,
634 2781 691 2843 que
712 2763 856 2824 sancitum
879 2770 939 2839 eet,
966 2769 999 2823 ut
1022 2771 1153 2842 emptor,
1179 2765 1230 2841 qui
1256 2782 1288 2826 re
1312 2782 1357 2825 00·

277 2854 360 2924 nepta
376 2848 507 2925 pretium
520 2864 579 2907 000
602 2846 785 2920 numeravit,
803 2844 909 2905 debeat
930 2844 1029 2905 statim
1048 2853 1114 2923 post
1137 2862 1201 2905 rem
1217 2846 1357 2907 traditam

278 2928 366 3006 pretii
381 2946 486 2988 usuras
507 2926 688 3007 persolvere,
706 2944 885 3005 quamquam
908 2924 987 2986 nulla
1010 2943 1111 2985 earum
1133 2926 1267 3003 petitioa
1291 2946 1357 2987 cre-

278 3007 375 3070 ditore
395 3010 470 3069 tacta
490 3009 540 3070 sit.
554 3012 619 3071 Non
636 3009 716 3069 enim
737 3008 825 3069 debet
848 3014 965 3085 emptor
979 3024 1047 3067 cum
1060 3004 1223 3067 venditoris
1242 3008 1356 3086 jactura

278 3107 343 3151 rem
370 3098 401 3151 et
425 3092 553 3170 pretium
574 3090 662 3151 simul
682 3091 824 3150 retinere.
852 3089 916 3151 Alia
935 3087 1038 3148 similis
1062 3106 1153 3148 morte
1178 3086 1356 3170 irregularis

277 3191 668 3333 0..
683 3173 795 3333 101
816 3166 1057 3335 teuent
1074 3166 1157 3309 10
1173 3171 1283 3345 01·
1300 3171 1357 3332 ,rt

277 3334 372 3410 rocio,-
394 3272 467 3395 191
492 3271 560 3416 §.⁹2
582 3298 616 3416 ff’.
640 3333 676 3395 de
699 3354 803 3410 esur,-
826 3335 861 3395 1.
889 3335 930 3395 16
953 3330 980 3413 S.
1007 3333 1024 3393 5
1045 3295 1080 3415 ff
1106 3330 1143 3392 de
1163 3330 1304 3395 00100010.
1328 3341 1358 3394 01

276 3413 403 3496 period.
428 3425 533 3490 101000
554 3418 587 3477 1.
608 3418 626 3477 tt
646 3415 673 3497 S.
696 3415 890 3491 commodet,-
907 3416 945 3475 L.
966 3415 984 3475 7
1007 3412 1043 3557 ff.
1067 3412 1103 3475 dc
1126 3412 1265 3497 eo'quod
1282 3422 1354 3478 cert.

278 3496 544 3581 1000115110
557 3498 711 3581 pignoret.
726 3506 801 3576 oet.;
817 3499 853 3559 1.
867 3499 887 3559 2
899 3504 927 3559 et
942 3498 960 3557 5
975 3512 1006 3558 00
1031 3540 1039 3557 .
1056 3494 1180 3579 deperit.

328 3640 359 3742 ς.
386 3642 453 3714 Sed
497 3660 531 3715 et
573 3642 756 3740 periculum
805 3642 994 3715 amittendae
1044 3643 1213 3741 pecuniae,
1257 3668 1356 3740 quem

278 3739 396 3837 aliquis
433 3740 525 3812 alteri
549 3741 660 3831 dedit,
698 3766 810 3812 usuras
843 3742 944 3837 accipi
984 3741 1158 3838 permittit.
1210 3739 1257 3810 lta
1298 3742 1357 3837 qui

278 3837 371 3909 alteri
418 3838 477 3909 dat
516 3854 663 3910 mutuam
701 3842 896 3935 pecuniam,
949 3853 987 3908 ut
1031 3862 1101 3909 eom
1134 3852 1225 3906 trans
1267 3861 1357 3907 mare

280 3936 418 4033 trajiciat
452 3952 486 4007 01
519 3962 595 4007 eum
635 3962 671 4007 en
698 3939 733 4007 in
767 3934 925 4008 nundinis
969 3960 1011 4006 ne
1033 3936 1220 4007 otiationem
1268 3958 1357 4004 exer·

279 4048 369 4122 eeat,
398 4049 506 4129 potest
545 4035 628 4105 inire
661 4049 796 4131 paetum
827 4032 870 4106 de
899 3961 1063 4107 0010000110
1090 4032 1194 4101 usuris
1221 4046 1358 4197 prester

277 4130 483 4225 perieulum,
522 4134 575 4203 eui
617 4133 685 4227 ipse
730 4131 841 4203 subest
884 4134 921 4201 in
955 4156 992 4204 ea
1034 4127 1223 4225 trajectione
1260 4150 1357 4223 pena
