3575 5625
890 633 939 647 -
965 592 1038 662 408
1065 633 1113 646 -

462 755 489 806 et
503 743 725 806 Valentinianus
746 739 824 820 apud
843 743 1037 802 sozomenum
1055 738 1125 803 tot.
1146 737 1196 802 tto.
1215 744 1234 802 6
1259 759 1326 822 cop.
1348 744 1365 801 7
1386 761 1459 824 poq.
1476 745 1529 804 227

461 825 531 888 edit.
554 822 744 904 donobrio„
770 831 798 881 et
820 821 1008 884 Ambrosium
1027 823 1112 906 epist.
1135 826 1154 884 2
1173 822 1214 884 od
1232 821 1438 885 Valentiuiou.
1465 843 1531 906 opp.
1649 822 1650 893 ξ

462 917 532 970 tout.
561 910 661 987 dpop.
686 907 725 966 52
749 901 820 964 edit.
849 907 950 966 Venet.
972 906 1067 981 t7813
1088 905 1157 966 ride
1179 907 1268 966 etiem
1292 906 1451 966 concilium
1475 908 1533 968 Tri·
1649 926 1650 967 3

462 989 618 1050 deotinum
629 1005 701 1050 sess.
715 987 755 1048 uo
770 993 842 1046 tom.
856 989 874 1046 5
889 984 925 1046 de
938 986 1063 1068 reform.

511 1170 541 1272 ς.
571 1167 662 1239 Xiil.
710 1167 1010 1238 Excommunicutio
1056 1183 1185 1237 tantum
1227 1167 1331 1238 fertur
1366 1170 1404 1239 in
1437 1168 1534 1240 chris·

463 1273 585 1356 tiauos,
612 1269 766 1362 quonium
793 1290 831 1335 ex
863 1265 995 1336 ecclesia
1024 1263 1144 1362 expelli
1178 1291 1246 1337 non
1284 1282 1424 1363 possunt
1460 1269 1534 1338 inti-

464 1367 572 1454 deles,
598 1365 655 1461 qui
682 1366 753 1460 jam
781 1378 869 1433 extra
898 1361 1063 1434 ecclesiam
1090 1379 1168 1432 sunt
1196 1363 1275 1458 (i),
1309 1379 1342 1433 et
1372 1363 1448 1436 rero'
1472 1363 1534 1434 fer-

462 1481 517 1536 tur
549 1489 567 1533 e
595 1459 740 1556 legitime
766 1476 926 1557 potestate
953 1462 989 1529 in
1016 1484 1090 1548 cos,
1117 1462 1174 1557 qui
1199 1460 1260 1531 sibi
1280 1460 1421 1558 subjecti
1448 1477 1532 1532 sunt.
1650 1496 1651 1533 ;

464 1562 575 1646 Quare
607 1560 898 1630 excommunicatio
936 1559 1078 1654 episcopi
1111 1557 1184 1629 ilios
1217 1559 1320 1629 afficit
1363 1558 1440 1654 (ἢ),
1483 1561 1535 1655 qui

464 1664 498 1729 in
537 1659 607 1755 ejus
642 1654 770 1728 dioecesi
811 1670 908 1744 sunt,
952 1658 1243 1727 excommunicatio
1287 1660 1410 1727 summi
1450 1657 1536 1728 Pon-

464 1757 561 1828 tificis
593 1779 707 1825 omnes
744 1753 936 1850 obstringit,
981 1768 1146 1850 quotquot
1193 1753 1334 1825 ecclesiae
1378 1756 1416 1824 in
1463 1755 1537 1826 orbe

465 1853 638 1926 christiano
679 1851 839 1940 subsunt,
886 1853 1041 1947 quonium
1080 1852 1151 1948 ejus
1183 1867 1326 1949 potestus
1367 1867 1402 1922 et
1438 1853 1536 1949 juris·

465 1951 563 2023 dictio
596 1948 824 2044 complectitur
853 1948 1021 2020 eccleciam
1048 1950 1243 2020 universam.
1273 1948 1393 2020 Parere
1431 1965 1537 2021 autem
1650 1966 1651 1987 ³

465 2049 807 2134 excommunicationi,
852 2050 951 2117 etiarn
981 2048 1131 2144 injuste,
1167 2070 1242 2143 quae
1278 2062 1390 2117 tomen
1429 2073 1446 2116 a
1490 2048 1538 2118 ie·

465 2149 576 2242 gitima
607 2159 767 2241 potestate
793 2142 857 2213 lota
877 2146 937 2232 sit,
970 2143 1134 2214 christiani
1163 2169 1277 2214 omnes
1309 2142 1434 2214 debent
1461 2145 1534 2242 (5);

466 2245 620 2340 qnoniam
645 2241 864 2340 subjectorum
890 2255 940 2312 est
972 2239 1105 2312 obedire
1130 2240 1276 2336 legibus,
1306 2267 1383 2338 quae
1409 2267 1428 2311 a
1454 2267 1538 2341 pre·

461 2342 577 2436 'positis
606 2339 780 2428 feruntur,
815 2364 924 2434 neque
959 2341 1035 2437 ipsis
1070 2337 1113 2410 dc
1150 2365 1262 2411 earum
1291 2340 1418 2436 justitio
1447 2366 1536 2435 agere
1651 2404 1652 2419 ,

465 2435 628 2531 judicium
659 2434 747 2506 licet.

508 2618 549 2700 (t)
567 2643 580 2671 r
595 2616 672 2694 Quid
684 2616 758 2678 mihi
772 2616 810 2678 de
821 2616 883 2694 his,
900 2619 952 2697 qui
963 2619 1036 2682 ioris
1049 2627 1134 2693 sunt,
1146 2619 1321 2700 judicius,-
1343 2620 1441 2700 inquit
1452 2623 1538 2699 Apoe-
1651 2584 1652 2603 Χ

467 2699 544 2761 tolus
556 2703 569 2761 1
582 2697 622 2760 od
635 2696 770 2761 comati.
792 2702 907 2761 Voces.
924 2702 972 2760 ii.

508 2780 549 2863 (ἢ)
571 2781 617 2843 td
637 2781 803 2861 episcopos,
825 2782 876 2861 qui
898 2789 968 2843 suut
982 2784 1180 2862 apostolorum
1197 2801 1393 2859 successores,
1413 2785 1537 2864 pertinet
1652 2837 1653 2840 ,

464 2864 513 2941 jus
527 2864 810 2925 excommunicandi.
830 2865 971 2925 Praeclare
985 2868 1016 2927 S.
1038 2866 1166 2928 Thomas
1182 2867 1217 2927 in
1236 2872 1397 2927 decuteret.
1415 2864 1488 2928 dist.
1501 2868 1536 2927 tt

467 2965 560 3028 queo.
576 2948 595 3007 i
610 2953 671 3006 ort.
684 2948 704 3007 2
718 2944 895 3029 quecorone-
914 2949 944 3007 t.
964 2970 978 2999 α
991 2949 1024 3008 in
1038 2948 1103 3009 iuro
1115 2948 1313 3023 conscientie,
1330 2948 1439 3026 inquit,
1455 2966 1535 3008 esum

467 3030 566 3109 agitur
578 3029 655 3089 inter
669 3028 820 3088 hominem
838 3036 868 3089 et
885 3032 999 3106 Derim3
1017 3030 1049 3088 in
1065 3031 1130 3091 iuro
1152 3038 1252 3090 sutem
1269 3030 1423 3091 exterioris
1436 3028 1537 3108 judieii

467 3128 551 3171 rause
576 3110 667 3190 igitur
691 3109 819 3171 hominis
839 3109 876 3170 sd
901 3109 1069 3185 hominem,
1097 3121 1127 3171 et
1150 3111 1218 3173 ideo
1244 3112 1405 3185 absolutio,
1433 3112 1479 3171 rel
1501 3111 1537 3170 ti·
1652 3129 1653 3138 ¹

468 3192 562 3271 gotio,
582 3210 647 3269 quos
671 3210 764 3253 unum
792 3191 944 3252 hominem
965 3192 1075 3273 obliget
1090 3194 1187 3271 quoad
1213 3198 1308 3255 Deum
1325 3200 1457 3268 tontum,
1477 3210 1538 3271 per

467 3275 542 3334 tinet
563 3272 601 3333 od
619 3272 716 3333 iorum
739 3274 930 3352 penitentie.
950 3274 1008 3335 Sed
1027 3274 1094 3350 iile,
1118 3293 1185 3352 quse
1207 3276 1359 3335 hominem
1378 3272 1489 3355 obligat
1507 3276 1537 3335 in

466 3356 711 3431 comparutionem
732 3353 769 3415 ed
784 3355 856 3417 aiios
875 3355 1025 3431 homines,
1048 3356 1085 3416 od
1098 3357 1197 3417 iorum
1219 3357 1370 3435 pubiicum
1386 3357 1538 3417 exterioris

465 3434 568 3511 judicii
583 3435 727 3510 pertinet,
749 3442 779 3495 et
802 3437 844 3497 iiii
864 3438 959 3497 seium
976 3446 1098 3516 possunt
1122 3440 1390 3515 excommunione,
1413 3438 1465 3517 qui
1486 3438 1539 3497 hs-

469 3516 539 3611 bent
558 3514 796 3612 jurisdictionem
811 3518 843 3578 iu
865 3518 929 3579 foro
945 3519 1096 3614 judiciati,
1122 3528 1153 3580 et
1170 3527 1291 3617 propter
1312 3520 1368 3582 hoc
1393 3519 1448 3579 soli
1469 3524 1540 3614 epis

467 3614 530 3674 ⁰⁰⁹¹
546 3606 1059 3758 t‘0t‘¹ttt¹tttttttddtt
1073 3602 1540 3745 t‘tittttx‘dttffltt

468 3695 731 3820 iiiimiiniimno
754 3780 859 3823 mucro
880 3764 1012 3905 Tocopi
1034 3725 1208 3844 appelletur.
1235 3728 1342 3826 Paulus
1369 3704 1541 3846 denginius

469 3841 672 3935 dissertutiope
694 3842 879 3904 Florentino
902 3846 911 3905 i
956 3864 1005 3905 sn.
1024 3847 1116 3923 titt,
1132 3844 1168 3909 de
1184 3845 1375 3907 eminentiori
1453 3844 1542 3908 osito-

469 3942 537 3985 rum
557 3920 702 4004 doynttote
722 3942 818 4018 cupro
837 3926 996 4021 cononicus
1014 3928 1101 3989 nixus
1122 3928 1260 3990 decretali
1274 3930 1385 3990 Aiexon
1407 3930 1434 4024 ri
1453 3931 1494 3990 ΙΙΙ
1507 3928 1544 3987 io

467 4002 1545 4172 tto}ttidatii„t'ttttttttttttddtttt‘{dett

467 4168 576 4231 idcirco
591 4171 668 4232 icrre
691 4172 1020 4235 excommunicationem
1033 4192 1127 4254 posse.
1144 4174 1202 4237 Sed
1215 4192 1285 4235 eum
1299 4174 1439 4236 refutavit
1457 4179 1543 4237 loon.
