3575 5625
884 647 1105 721 -562-

455 810 533 864 mata
554 820 570 862 a
588 801 641 863 Pio
663 803 689 861 11
704 817 758 879 per
777 803 870 860 Breve
889 799 1003 858 editum
1022 797 1194 860 (1166166.
1216 797 1308 858 1165.
1325 795 1434 858 Eadem
1454 805 1532 857 tem-

455 889 566 962 potate
584 883 686 942 civitas
710 881 850 942 Perusina
868 898 957 940 suum
985 879 1079 941 erexit
1098 882 1242 955 Mentem,
1268 896 1357 958 quem
1377 877 1486 940 Paulus
1506 881 1532 941 ll

455 984 504 1024 an.
525 966 604 1025 1167
618 961 801 1042 approbavit.
821 964 915 1040 lapsu
937 969 1105 1038 temporum
1127 960 1176 1021 alii
1196 977 1314 1040 quoque
1334 960 1364 1019 in
1380 960 1534 1020 61ὶί661νί-

455 1043 565 1105 tntibus
588 1054 653 1104 turn
673 1044 767 1118 intra,
791 1050 855 1103 turn
879 1049 961 1103 extra
989 1043 1101 1103 ltaliam
1130 1044 1243 1103 1166166
1266 1041 1383 1120 pietatis
1403 1040 1533 1102 instituti
1662 1063 1663 1068 ¹

455 1129 594 1201 luerunt,
610 1135 644 1184 ut
664 1125 743 1185 nosci
758 1133 853 1202 potest
866 1123 946 1202 apud
959 1124 1141 1204 wadingum
1155 1119 1261 1184 ooaol.
1278 1122 1386 1184 minor.
1402 1130 1473 1183 tom.
1492 1125 1532 1183 11

456 1217 485 1270 et
504 1209 543 1269 lb
564 1207 694 1288 possim,
714 1206 904 1268 ballerinium
923 1202 959 1267 de
982 1223 1069 1266 usur.
1090 1212 1161 1266 tom.
1183 1204 1254 1266 116
1277 1223 1348 1286 app.
1374 1207 1531 1285 666661ς

457 1288 614 1353 zaoobiun
628 1286 664 1350 de
676 1306 764 1350 aaut.
777 1287 852 1351 dias.
868 1291 965 1368 6666.
983 1289 998 1348 1
1017 1294 1087 1350 sset.
1101 1287 1120 1346 6
1138 1293 1198 1346 art.
1220 1289 1237 1348 6
1251 1284 1278 1367 §.
1298 1287 1375 1360 5623
1390 1289 1533 1365 zyooeun

451 1370 520 1452 jur.
538 1368 676 1452 Poetilio.
692 1387 761 1430 ooo.
778 1368 830 1432 tto.
850 1373 868 1430 b
884 1368 932 1430 tit.
949 1365 984 1428 de
1006 1387 1094 1430 usur.
1111 1385 1198 1429 6666.
1217 1369 1251 1429 11
1266 1389 1276 1442 3
1298 1366 1453 1429 Claudium
1468 1371 1531 1430 Jos.
1663 1403 1664 1406 =

457 1453 495 1594 de
510 1453 644 1595 isserreiera
661 1450 783 1513 diction.
803 1451 840 1516 da
858 1448 941 1512 droit
955 1458 984 1512 et
1000 1449 1036 1511 dr
1052 1448 1192 1534 prolique
1212 1457 1272 1512 tom
1293 1451 1324 1510 2.
1344 1446 1423 1510 verb.
1445 1451 1535 1511 11661

480 1552 541 1616 sps
588 1577 596 1594 .

507 1735 537 1835 §.
571 1735 678 1807 XVII.
716 1735 856 1808 Sustulit
885 1760 1018 1808 omnem
1053 1735 1292 1807 dubitationem
1328 1731 1395 1805 Leo
1433 1733 1467 1804 Χ
1499 1735 1534 1804 in
1664 1777 1665 1816 3

458 1834 594 1905 concilio
618 1834 825 1904 Lateranensi
849 1832 895 1924 V,
943 1837 976 1904 ui
1001 1859 1037 1904 re
1057 1833 1230 1928 diligenter
1256 1833 1385 1928 cognita
1408 1829 1532 1902 delini·

460 1933 526 2021 vit,
559 1947 648 2002 reete
673 1931 732 2003 hos
758 1931 887 2004 Montes
918 1861 1015 2002 inissa
1046 1933 1235 2020 institutos,
1263 1929 1427 2026 planeque
1461 1927 1536 2001 nul·

459 2027 530 2097 lum
569 2031 605 2098 in
649 2031 687 2101 iis
726 2032 830 2100 inesse
868 2053 1041 2100 usurarum
1068 2029 1184 2099 vitium
1222 2026 1290 2123 (l).
1326 2025 1403 2098 Non
1444 2028 1535 2098 enim

460 2125 581 2197 modioi
613 2124 648 2195 hi
674 2126 799 2198 fruetus
836 2141 973 2224 propter
999 2141 1152 2197 mutuum
1191 2124 1380 2212 solmntur,
1415 2121 1472 2194 sed
1495 2138 1536 2194 ut

459 2219 555 2292 Mons
591 2226 718 2320 pietatis
754 2227 917 2319 integram
950 2221 1067 2296 lrabeat
1102 2248 1174 2294 rem
1201 2247 1313 2311 suam,
1356 2245 1435 2292 oum
1469 2247 1536 2317 qua

458 2317 608 2413 pluribus
647 2320 801 2418 opitulari
837 2320 959 2410 debet,
1001 2345 1039 2390 re
1075 2317 1158 2391 nihil
1196 2318 1386 2390 detrimenti
1426 2321 1536 2415 capiat

460 2431 596 2511 propter
638 2419 819 2514 impensas,
863 2442 946 2514 quas
976 2415 1081 2488 iacere
1132 2431 1262 2513 oportet
1305 2438 1367 2511 pro
1413 2415 1536 2506 domo,

459 2534 522 2607 pro
556 2513 728 2602 ministris,
759 2537 820 2610 pro
856 2515 990 2604 oeteris,
1029 2513 1151 2611 quibus
1185 2529 1234 2584 est
1266 2537 1368 2608 opus3
1410 2527 1450 2584 ut
1480 2538 1538 2610 pe-
1666 2525 1667 2584 1

458 2607 604 2679 tentibus
642 2609 794 2682 credatur
831 2614 971 2708 pecunia
1006 2627 1040 2682 et
1080 2626 1211 2777 666οᾶ666
1245 2611 1381 2708 pignora
1429 2625 1538 2682 custo

460 2701 604 2777 diantur.
639 2705 747 2778 Simili
782 2707 882 2781 modo
917 2707 1046 2780 nullum
1086 2711 1222 2806 quiem
1254 2733 1294 2778 ex
1329 2721 1446 2779 mutuo
1484 2706 1538 2777 lu-

461 2824 555 2873 trum
583 2803 689 2877 farere
710 2806 806 2895 lieet,
827 2805 885 2877 sed
911 2807 988 2905 jure
1022 2821 1218 2904 repetuntur
1247 2808 1427 2903 imperare,
1455 2831 1540 2903 quas

461 2898 577 2996 aliquis
612 2903 708 2993 feeit,
731 2910 769 2975 ut
801 2907 920 3000 pignus
956 2920 1181 2995 conservaret,
1220 2919 1277 2975 aut
1306 2917 1345 2974 ut
1381 2918 1540 2975 mutuum

461 2997 503 3067 ad
527 2998 694 3072 absentem
715 3000 901 3073 debitorem
922 3003 1068 3073 mitteret
1090 3001 1159 3099 (ᾖ).

462 3234 543 3377 ⁰olgi)
558 3235 721 3376 Conelilggm
742 3236 936 3297 Latersuense
951 3238 976 3297 V
991 3253 1062 3298 sesa.
1080 3237 1126 3295 Ι10
1147 3252 1229 3296 6666.
1254 3243 1325 3295 tom.
1350 3236 1389 3295 19
1404 3232 1460 3296 ool.
1474 3238 1536 3299 905

518 3324 571 3377 est.
588 3320 625 3377 ln
685 3317 707 3376 i.

502 3395 545 3473 (2)
564 3398 689 3458 Consule
705 3398 838 3476 sylvium
863 3397 896 3457 io
915 3398 949 3458 S.
975 3392 1131 3458 Ttmnom.
1151 3399 1182 3460 2.
1204 3399 1334 3481 iquoev.
1361 3398 1401 3459 76
1419 3404 1484 3457 ort.
1505 3402 1537 3459 1.

462 3485 567 3560 quest.
585 3480 619 3550 1;
636 3479 840 3539 Gonzalezium
859 3478 894 3539 io
914 3496 979 3559 sap.
1000 3480 1019 3539 t
1043 3476 1079 3539 da
1099 3497 1188 3541 6666.
1210 3497 1297 3541 rrum.
1327 3479 1363 3557 ὃς
1392 3477 1539 3541 Benedic-

463 3567 526 3618 tum
552 3559 621 3617 XIV
643 3554 680 3618 da
701 3558 809 3642 synod.
834 3556 951 3621 616666.
973 3556 1025 3620 lib.
1050 3563 1089 3622 10
1112 3578 1180 3642 rap.
1206 3562 1223 3621 11
1251 3578 1336 3621 num.
1364 3562 1378 3620 1
1404 3568 1435 3621 61
1454 3580 1538 3644 saq.‚·

463 3638 652 3701 Ballarinium
674 3637 710 3698 de
729 3658 816 3702 asar.
839 3640 873 3700 io
891 3638 1023 3723 append.
1048 3641 1084 3703 de
1108 3640 1231 3703 mootvb.
1257 3640 1351 3723 piat.,·
1377 3642 1538 3703 Zsoehium

462 3718 499 3779 de
515 3736 602 3780 staur.
629 3716 749 3783 dissert.
775 3726 794 3783 2
815 3740 882 3801 sap.
908 3725 922 3784 1
948 3729 1018 3783 arat.
1039 3725 1058 3783 6
1077 3740 1164 3785 auat.
1189 3726 1249 3785 258
1267 3730 1295 3783 at
1317 3740 1377 3803 seq.
1404 3724 1464 3784 sad
1483 3742 1538 3803 pro

459 3800 602 3863 llontium
621 3801 737 3877 piatatis
754 3802 897 3874 utilitate,
922 3803 1076 3881 aequitate,
1095 3805 1249 3865 sanctitate
1271 3802 1455 3866 ostendenda
1474 3823 1537 3885 praa

459 3882 564 3944 oeteris
581 3889 688 3960 praesto
704 3893 750 3943 est
762 3885 919 3944 auctoritas
940 3885 1055 3946 eoncilii
1079 3884 1266 3961 Tridentini,
1283 3882 1364 3964 quod
1388 3902 1440 3946 eos
1461 3887 1540 3948 iuter

339 3978 351 3991 ·
460 3964 522 4026 looa
550 3963 596 4043 pia
624 3965 788 4041 recensuit,
811 3974 842 4025 et
869 3966 998 4045 episeopi
1028 3967 1188 4028 visitationi
1220 3966 1343 4046 subjecit
1373 3982 1448 4027 sesa.
1484 3970 1535 4028 22.

461 4048 570 4142 oop38
589 4043 625 4105 de
641 4043 765 4139 reform.
789 4046 897 4141 666166
914 4048 1002 4109 etiam
1024 4054 1055 4111 S.
1079 4050 1214 4111 carolum
1233 4052 1535 4141 Borrornnumtaoas.

463 4124 583 4189 Medwl.
610 4128 624 4185 1
652 4134 700 4188 tst.
721 4125 758 4189 de
779 4146 858 4209 paor.
879 4126 936 4197 lto.
956 4128 1128 4193 admistiotr.
1153 4138 1210 4191 aot.
1237 4124 1338 4191 ecda.
1366 4126 1533 4193 Medtolort.

462 4226 534 4296 por.
552 4211 565 4269 1
579 4227 652 4291 paq.
669 4206 858 4281 6166666.
