3575 5625
901 699 1122 769 -168-

506 844 548 924 (t)
570 848 645 926 Cap.
659 847 717 906 det
728 847 767 907 35
778 843 815 905 de
828 842 987 925 appeuar.;
1007 842 1099 907 Ckm.
1112 849 1132 906 t
1145 841 1209 905 eod.

508 927 551 1005 (5)
571 927 731 988 citationes
745 927 824 1006 typis
845 929 975 988 camerae
991 927 1158 1007 impressu,
1178 943 1250 1004 quas
1273 925 1361 1006 vulgo
1381 924 1542 986 eameralcs

464 1007 605 1082 dicimus,
620 1026 797 1086 quamquam
811 1026 853 1068 eoe
869 1027 886 1067 a
901 1009 982 1070 nullo
992 1012 1130 1070 Romanu
1145 1007 1241 1070 Curio
1251 1006 1353 1086 judice
1366 1005 1541 1085 subscriptae

465 1091 538 1166 sint,
563 1090 624 1149 vim
644 1089 800 1150 inhibendi
822 1089 933 1151 habere
946 1091 1068 1151 sancivit
1082 1089 1256 1151 Benedictus
1273 1091 1343 1150 xlv
1360 1089 1459 1148 Cenat.
1479 1087 1543 1148 Ro-

465 1189 564 1312 pnmp
578 1169 677 1313 puppup
692 1172 751 1232 itt
765 1169 793 1252 S.
810 1174 829 1232 o
843 1178 916 1232 tom.
930 1175 942 1232 l
959 1169 1025 1253 ejoa
1038 1168 1149 1233 bullar.
1162 1189 1235 1252 pop.
1250 1171 1310 1233 285
1325 1167 1372 1231 ed.
1385 1169 1472 1230 Rota.
1488 1187 1544 1230 acu

494 1269 546 1312 oue
562 1295 569 1312 .
666 1296 675 1312 .

513 1371 544 1539 p.
588 1371 682 1443 Xlll.
730 1373 880 1470 Denique
923 1371 1164 1472 prosequendae
1206 1397 1243 1444 oe
1288 1369 1443 1443 finiende
1478 1395 1544 1468 ap-

465 1469 519 1566 pei
532 1471 647 1540 ationis
683 1485 814 1566 tempus
850 1486 899 1542 est
938 1495 1043 1541 annus
1087 1496 1191 1560 unus,
1235 1486 1334 1567 atque
1379 1493 1418 1541 ex
1452 1471 1542 1569 justu

465 1591 559 1637 causa
588 1569 688 1637 etiam
712 1567 794 1638 alter
821 1570 890 1666 (1).
930 1566 1005 1655 Qua
1031 1570 1067 1638 in
1110 1592 1145 1639 re
1172 1569 1257 1666 juris
1290 1563 1392 1638 civilis
1421 1582 1456 1638 et
1482 1589 1545 1636 oa·

466 1665 577 1736 nonici
602 1690 720 1758 magna
756 1669 923 1739 consensio
960 1679 1020 1736 est.
1058 1661 1184 1736 Verum
1225 1663 1315 1735 unde
1345 1663 1378 1734 id
1412 1680 1545 1759 tempus

466 1787 505 1832 ex
535 1762 611 1859 jure
645 1761 730 1833 cirili
766 1765 899 1834 initium
928 1779 1055 1851 sumat,
1095 1787 1162 1834 non
1196 1764 1271 1832 satis
1305 1776 1448 1846 conatat3
1484 1757 1544 1830 sed

461 1860 533 1956 jus·
547 1861 739 1931 canonicum
770 1860 833 1932 hoe
870 1863 1001 1931 initium
1032 1858 1072 1930 ab
1108 1862 1298 1956 interposita
1325 1855 1545 1956 appellatione

466 1959 588 2052 repetit
616 1954 690 2052 (2),
719 1957 809 2052 quod
841 1959 940 2028 etiam
971 1957 1070 2028 civilis
1097 1956 1160 2028 lori
1196 1982 1254 2027 usu
1284 1972 1454 2052 receptum
1479 1970 1541 2025 eet.

470 2099 551 2242 apin)
570 2098 665 2242 {mil
687 2101 716 2162 ei
731 2101 801 2185 poi,
817 2111 847 2164 et
863 2106 899 2164 t.
923 2101 982 2166 uit.
1005 2102 1070 2186 §.t
1093 2102 1157 2168 eod.
1181 2101 1217 2166 de
1236 2109 1361 2187 tempor.
1380 2099 1546 2185 appellat,-

552 2225 560 2242 .
607 2201 640 2243 eo
665 2227 672 2242 .

508 2262 551 2344 (2)
574 2267 648 2345 Cap.
665 2262 734 2326 ede
748 2263 907 2348 appellet.‚·
922 2263 1012 2329 ctam.
1027 2269 1045 2329 5
1060 2267 1110 2330 cit.

515 2391 546 2490 §.
585 2393 682 2464 xlv.
721 2393 848 2466 Nostris
883 2395 1029 2467 moribus
1066 2397 1154 2466 intra
1184 2395 1353 2468 biennium
1397 2395 1548 2493 appella·

468 2491 564 2560 tionis
602 2494 770 2584 negotium
800 2491 953 2590 expedire
987 2508 1128 2590 oportet.
1174 2493 1286 2565 Primo
1326 2518 1413 2565 anno
1451 2517 1549 2564 causa

468 2588 685 2658 committitur
730 2587 859 2686 judici,
917 2615 1017 2688 quem
1064 2593 1136 2688 quis
1193 2591 1389 2688 appellarit,
1444 2588 1549 2662 altero

469 2685 748 2780 tramportondo
787 2702 864 2757 sunt
900 2704 993 2775 acta,
1032 2702 1070 2756 ut
1112 2691 1303 2785 pragmatici
1336 2688 1548 2784 loquuntur,

469 2782 625 2851 nimirum
666 2783 853 2880 exemplum
888 2799 1036 2856 aetorum
1073 2800 1107 2855 et
1139 2784 1435 2877 documentorum,
1469 2809 1550 2882 quae

470 2880 570 2974 priori
598 2879 723 2976 judicio
743 2896 831 2976 gesta
860 2882 1002 2978 dataque
1031 2896 1129 2973 sunt,
1156 2882 1377 2955 exhibendum
1409 2898 1461 2956 est
1487 2907 1550 2954 oo-

470 3000 541 3045 ram
566 2974 668 3049 altero
702 2977 835 3075 judice,
863 2979 905 3049 ad
968 3004 1041 3050 uem
1072 2996 1236 3075 postremo
1266 2984 1350 3050 itum
1381 2996 1442 3051 est.
1477 2978 1549 3065 Qui

468 3074 555 3142 iutra
587 3076 732 3169 primum
773 3102 898 3148 annum
930 3006 1021 3148 alleri
1043 3076 1148 3174 judici
1180 3102 1308 3149 causam
1341 3079 1550 3149 committere

471 3168 636 3266 neglexit,
662 3175 756 3245 isne
790 3173 921 3246 alterius
948 3174 1083 3270 quidem
1110 3178 1188 3245 anni
1218 3174 1417 3246 beneficium
1448 3172 1550 3246 habet

470 3267 511 3335 ad
557 3284 627 3338 aeta
660 3270 859 3356 exhibendu3
898 3298 1012 3343 verum
1052 3269 1086 3341 id
1123 3288 1275 3368 praestare
1322 3272 1422 3343 debet
1460 3274 1550 3343 intra

469 3378 600 3459 tempus
630 3390 648 3433 a
676 3367 789 3462 judice
827 3360 1018 3440 definitum.
1049 3365 1159 3454 Quare
1193 3369 1377 3441 curandum
1408 3383 1477 3459 est,
1509 3385 1549 3439 ut

470 3483 528 3530 suo
558 3486 645 3532 anno
669 3477 848 3559 utrumque
875 3465 953 3554 fiat,
985 3468 1109 3562 quique
1137 3466 1172 3536 id
1200 3466 1242 3537 ob
1266 3468 1390 3563 justam
1417 3490 1548 3537 causam

470 3573 624 3651 praestare
662 3582 731 3629 non
767 3575 895 3655 potest,
933 3561 1111 3659 ampliandi
1154 3563 1339 3635 facultatem
1379 3589 1398 3633 a
1434 3562 1550 3662 judice

472 3655 573 3749 petit,
602 3668 782 3751 antequam
813 3662 1027 3730 constitutum
1055 3676 1186 3758 tempus
1209 3659 1366 3732 elabatur.

521 3747 553 3847 §.
593 3747 670 3821 XV.'
703 3752 888 3849 Appellatio
925 3754 1068 3850 legitime
1108 3759 1297 3855 interposita
1335 3756 1409 3853 (l),
1450 3758 1552 3855 juris-

474 3844 651 3918 dictionem
690 3849 859 3946 suspendit
901 3852 1021 3949 judicis
1058 3854 1217 3926 inferioris
1253 3878 1448 3950 causamque
1484 3852 1552 3925 de·

473 3943 537 4015 fert
563 3943 604 4014 ad
633 3949 854 4041 superiorem,
889 3952 947 4046 qui
974 3949 1156 4047 apellatus
1182 3968 1230 4024 est
1255 3948 1322 4048 (ἢ).
1356 3948 1467 4037 Quare
1491 3952 1553 4021 in-

476 4043 593 4132 terim,
620 4040 702 4112 dum
738 4044 912 4141 appellatio
941 3978 1086 4145 pendet,
1117 4047 1201 4121 nihil
1228 4048 1368 4147 amplius
1397 4050 1434 4118 in
1459 4072 1556 4119 causa

475 4138 610 4211 inierior
632 4139 736 4239 judex
763 4168 858 4238 agere
885 4159 1016 4240 potest,
1045 4160 1080 4216 et
1104 4148 1130 4216 si
1160 4146 1241 4244 quid
1265 4148 1393 4239 egerit,
1434 4160 1556 4217 cuncta

473 4260 491 4303 a
521 4238 644 4335 majore
667 4237 780 4336 judice
810 4240 851 4311 ad
886 4244 1063 4337 pristinum
1095 4258 1216 4316 statum
1249 4242 1446 4341 rediguntur
1478 4241 1550 4339 (ὅ).
