3575 5625
904 663 1050 736 -258
1077 706 1125 722 -

474 819 594 894 beatur3
609 835 692 878 seam
705 816 733 876 ci
747 821 811 876 tnm
824 812 857 874 in
877 813 955 890 vita,
976 819 1040 874 tum
1056 814 1088 874 in
1105 819 1202 874 morte
1214 821 1395 880 nmamenta
1409 813 1546 896 denegari

474 899 579 961 voluit.
594 898 738 961 Similiter
747 897 779 956 in
790 894 961 976 regionibus
974 894 1105 957 Albaniae
1118 891 1207 973 aliqui
1223 893 1395 970 christiani,
1409 905 1443 958 ut
1459 897 1549 959 multa

474 999 565 1042 onera
581 987 612 1040 et
632 975 816 1040 incommoda
837 975 1034 1052 declinarent,
1063 994 1171 1038 nomen
1189 975 1308 1057 aliquod
1333 977 1547 1056 suscipiebant,

442 1082 445 1086 ⁴
475 1061 555 1141 quod
568 1062 721 1141 proprium
745 1063 908 1120 Turearum
931 1066 995 1135 est,
1015 1066 1045 1118 et
1067 1075 1126 1136 quo
1150 1061 1253 1120 Tureae
1275 1076 1292 1119 a
1316 1059 1421 1120 ceteris
1445 1058 1551 1120 distin-
1661 1087 1662 1132 i

476 1151 619 1224 geruntur.
635 1141 669 1203 ld
690 1141 779 1201 etiam
793 1139 860 1201 lieri
886 1139 979 1200 vetuit
994 1141 1056 1217 ipse
1074 1139 1249 1202 Benedictus
1269 1143 1338 1203 XIV
1352 1149 1446 1202 conat.
1466 1139 1552 1218 Quod

474 1220 657 1307 provinciola
670 1219 830 1284 cornilione
845 1221 883 1282 ot
894 1238 968 1303 pop.
989 1223 1049 1282 lib
1065 1228 1137 1282 tona
1157 1221 1257 1303 iejna
1278 1218 1406 1296 bullon,
1420 1225 1491 1300 quia
1509 1232 1552 1283 ta·

477 1307 563 1366 metsi
581 1304 657 1366 tides
674 1305 774 1365 animo
791 1303 973 1378 retinentur,
992 1301 1042 1364 illa
1058 1311 1158 1364 nmen
1181 1328 1196 1358 n
1219 1303 1296 1366 Fieri
1321 1311 1474 1382 nequeunt
1491 1305 1553 1366 sine

477 1387 653 1450 ldabumetis
665 1403 802 1446 urorum
815 1383 1018 1459 simulatione,
1033 1384 1195 1447 sinceritati
1208 1383 1377 1446 christianae
1390 1387 1552 1462 contraria,

476 1487 544 1548 quc
562 1467 748 1530 mendacium
772 1467 804 1528 in
829 1483 863 1526 re
886 1465 1057 1545 gravissima
1080 1467 1228 1542 eontinet,
1253 1474 1283 1528 et
1307 1466 1467 1528 virtualem
1483 1466 1552 1530 iidei

478 1551 680 1632 negationem,
695 1547 822 1610 maxima
839 1565 908 1609 cnm
932 1547 987 1610 uei
1007 1547 1115 1627 injuria
1131 1547 1315 1628 proximique
1337 1547 1490 1624 seandalo,
1507 1549 1555 1610 in-

478 1631 581 1692 cludit.
596 1656 610 1684 n
627 1631 789 1706 Quasitum
803 1646 921 1706 quoque
935 1636 996 1704 est,
1016 1647 1088 1693 num
1099 1629 1138 1704 ii,
1161 1629 1212 1709 qui
1233 1628 1271 1689 ad
1291 1633 1401 1692 'fureas
1425 1629 1554 1690 descive-
1662 1631 1663 1710 i

478 1720 563 1790 runt,
581 1730 613 1772 ac
628 1719 727 1790 postca
739 1710 894 1771 redierunt
914 1710 952 1770 ad
974 1709 1164 1772 christianam
1177 1710 1366 1791 religionem,
1386 1729 1447 1771 non
1460 1711 1554 1772 solum

478 1793 661 1871 christianis,
682 1792 734 1852 aad
756 1792 847 1854 etiam
870 1789 975 1854 Turris
989 1791 1205 1870 presentibus,
1232 1791 1397 1872 publicent
1420 1809 1556 1870 expresse

477 1875 648 1954 apostasiam
672 1873 787 1951 ejurare
812 1870 955 1947 debeant3
980 1881 1011 1931 et
1021 1891 1193 1952 responsum
1217 1881 1260 1933 est
1288 1892 1305 1932 a
1329 1875 1555 1954 congregatione

478 1959 559 2018 saer.
581 1954 783 2032 inquisitionis
794 1952 873 2033 apud
887 1951 1002 2014 cardin.
1022 1954 1166 2051 dibltium
1184 1951 1220 2016 de
1236 1957 1430 2051 intendunt..
1445 1955 1476 2016 in
1498 1953 1552 2037 fid.

478 2036 1481 2196 itaut·tumultuumtrutumuu
1500 2055 1558 2180 tt:

480 2217 537 2260 neo
557 2215 655 2259 coram
675 2198 827 2276 fidelibus,
845 2197 1021 2260 abstinendo
1044 2201 1082 2265 ab
1103 2199 1216 2260 actibus
1240 2199 1423 2262 infidelitatis
1448 2218 1483 2262 ae
1506 2200 1557 2262 de-

480 2280 617 2360 ponenda
641 2279 776 2342 habitum
809 2278 989 2358 infidelium,
1016 2289 1160 2362 quatenus
1183 2279 1220 2344 sit
1245 2282 1454 2362 protestativus
1479 2282 1560 2345 lalsse

481 2361 675 2442 religionis„
698 2361 805 2422 conlm
823 2359 1014 2424 benedictum
1036 2365 1106 2426 xlv
1121 2360 1158 2424 do
1179 2360 1288 2448 synod.
1307 2361 1419 2424 dinone.
1447 2359 1499 2424 tto.
1520 2365 1559 2423 ld

482 2461 550 2526 cop.
563 2444 604 2504 bb
615 2461 700 2504 nunt.
716 2445 773 2504 tet
786 2459 849 2525 aeq.

529 2571 560 2670 ς.
596 2571 672 2644 vlt.
719 2571 873 2644 Proxime
909 2573 951 2644 ad
984 2591 1144 2671 apostatas
1187 2572 1386 2649 amadcbant
1411 2591 1445 2644 et
1471 2590 1562 2646 tam·

483 2695 582 2767 quam
618 2670 782 2764 religionis
814 2669 998 2768 proditores
1036 2671 1265 2760 habebantur,
1304 2674 1362 2769 qui
1398 2676 1563 2768 supersti-

484 2771 583 2841 tiosos
626 2768 833 2841 ethnicorum
872 2771 952 2843 ritus
989 2769 1207 2868 adjurabant,
1246 2769 1298 2841 vel
1332 2769 1561 2851 imitabantur.

482 2865 678 2965 Hujuamodi
716 2881 811 2937 erant
846 2868 888 2956 ii,
925 2870 982 2965 qui
1017 2868 1267 2941 munificantium
1300 2892 1454 2939 eoronam
1488 2894 1566 2963 ges-

486 2962 597 3037 tabant
629 2965 697 3060 (i),
727 2978 761 3035 et
791 2966 850 3060 qui
875 2964 1057 3059 flaminib,
1077 2966 1138 3042 buc
1160 2982 1208 3045 est
1234 2964 1355 3037 ethnici
1387 2965 1564 3039 mendonis
1665 2980 1666 2983 ’

482 3088 602 3133 munus
634 3062 867 3158 sniseepissent3
900 3065 1057 3159 quoniim
1088 3064 1229 3135 flaminis
1260 3078 1329 3135 erat
1357 3062 1483 3161 populo
1509 3090 1565 3135 ex-

483 3159 594 3230 hibere
634 3157 730 3229 ludos
767 3174 802 3231 et
841 3161 1046 3255 spectacula,
1082 3185 1157 3258 que
1189 3160 1284 3257 plena
1322 3162 1564 3259 superstitionis

484 3270 590 3343 erant,
620 3272 652 3325 at
678 3280 718 3325 ue
745 3256 779 3325 in
811 3257 973 3328 honorem
1004 3258 1141 3329 deorum
1172 3258 1367 3329 edebantur.
1404 3256 1567 3329 Similiter

484 3352 618 3440 scenici,
654 3282 854 3443 breuiores,
903 3357 1044 3451 aurigas,
1088 3358 1145 3453 qui
1183 3380 1297 3427 currus
1342 3358 1377 3426 in
1423 3355 1565 3453 publicis

485 3449 674 3545 spectaculis
707 3451 892 3546 agitabant,
921 3455 979 3549 qni
1019 3456 1184 3542 victimas,
1215 3469 1272 3524 aut
1311 3452 1388 3524 thus
1419 3477 1482 3553 pro
1509 3478 1569 3522 sa-

486 3545 607 3620 crificio
648 3546 855 3639 renidebant,
901 3547 1065 3624 idolorum
1113 3551 1277 3639 artifices,
1324 3553 1383 3647 qui
1425 3548 1570 3621 deorum

484 3668 553 3714 aras
594 3643 821 3735 aedificabant,
878 3646 930 3717 vel
967 3648 1149 3739 ornabant,
1207 3646 1397 3723 idololatriac
1452 3647 1572 3719 favere

486 3740 718 3840 adjutoresque
746 3769 817 3817 esse
837 3743 1034 3819 ridebantur
1058 3746 1126 3843 (ἓ).
1217 3796 1225 3811 ·

527 3911 570 3993 ili
591 3914 698 3976 conica·
717 3916 874 3977 ooneilium
895 3916 1110 3979 Eliberitnnum
1130 3936 1200 3979 eun.
1228 3920 1282 3996 bb,
1309 3916 1410 3997 ibique
1431 3916 1574 3997 Albaspi-

487 4012 585 4057 nauum
600 3994 635 4055 in
646 4004 709 4057 not.
721 4014 794 4078 pop.
810 4000 871 4059 180
882 3996 955 4059 edit.
970 4000 1071 4081 Nsnp.
1088 4000 1180 4061 tttu.

527 4076 570 4157 (ἢ)
592 4080 661 4139 tnta
674 4078 712 4139 de
729 4076 776 4137 bis
788 4079 926 4139 omnibus
942 4089 1034 4160 agunt
1048 4081 1228 4162 Bingbamua
1249 4080 1325 4163 orig.
1341 4076 1439 4143 erclen
1457 4076 1509 4141 tu.
1531 4082 1573 4141 lb

487 4175 553 4236 unp.
572 4159 592 4217 t
610 4155 638 4237 S.
655 4159 675 4218 8
691 4165 720 4218 et
733 4176 795 4242 seq.
812 4168 882 4220 tom.
901 4162 1004 4243 lpnq.
1029 4164 1089 4223 bob
1102 4172 1131 4223 at
1144 4180 1205 4245 aeq.
1228 4161 1275 4225 ed.
1290 4162 1353 4240 eit,
1368 4170 1399 4221 et
1415 4162 1575 4242 sungins

487 4236 587 4320 antiq.
604 4236 938 4323 circinationem.
959 4242 1017 4324 55.
1035 4245 1053 4305 3
1068 4252 1170 4327 etseq.
