3575 5625
438 545 461 591 Χ

435 668 560 732 llccleda
570 670 747 750 Capitulum,
759 688 911 749 unumque
923 670 1117 731 Seminarium
1134 670 1164 729 in
1175 688 1226 731 sun
1238 669 1363 749 quisque
1375 667 1516 744 Diceceai,

436 752 571 829 quamvis
584 754 768 815 Guberuium
778 752 815 813 nd
827 754 984 815 dotationis
996 753 1203 833 obligationem
1218 770 1277 813 nnn
1291 769 1323 811 se
1336 749 1518 831 adstringat.

476 834 615 907 Quamvis
638 836 767 895 maxime
793 833 1009 896 desideraretur
1037 854 1054 894 a
1080 834 1185 904 Nobis,
1213 843 1246 893 ut
1271 832 1393 911 Templa
1415 832 1521 893 omnia

436 914 544 975 iterum
557 916 653 978 Sacris
666 916 837 978 llinisteriis
852 914 1022 977 exercendis
1040 915 1196 977 Catholicis
1215 914 1432 989 redderentur;
1447 932 1520 974 cum

436 1003 534 1058 tamen
549 996 580 1057 id
594 996 694 1077 pertici
705 1018 764 1059 uon
776 1016 860 1078 posse
873 997 1039 1073 rideamus,
1055 998 1124 1059 satis
1140 997 1312 1070 babuimus,
1324 995 1405 1075 quod
1416 998 1518 1057 omnia

436 1080 556 1157 Templa
564 1082 798 1159 lletmpolitana,
806 1079 1002 1153 Cathedralia,
1014 1078 1192 1141 Parnchia'lia
1199 1080 1313 1157 aliaque
1323 1096 1382 1140 non
1390 1077 1519 1139 alienata

435 1159 533 1221 Cultui
548 1163 708 1225 necessaria
722 1163 930 1243 Episcoporum
944 1161 1128 1241 dispositioni
1143 1161 1308 1223 tradantur.

477 1246 648 1305 Constantes
662 1245 854 1325 inproposito
877 1244 916 1306 ad
938 1245 1036 1305 emnia
1060 1242 1201 1305 sacrificia
1226 1262 1280 1321 prn
1294 1242 1372 1304 bono
1387 1242 1517 1304 Unitatis

436 1321 649 1400 descendendi,
665 1326 798 1405 adquae,
820 1328 899 1389 salva
924 1326 1076 1406 Religiouc
1099 1324 1236 1386 descendi
1250 1332 1362 1405 potest,
1378 1332 1412 1385 ut
1426 1325 1517 1385 etiam

436 1424 491 1484 pro
516 1406 629 1469 viribus
652 1410 766 1470 Nostris
794 1408 1001 1490 tranquillitati
1027 1407 1188 1469 Galliarum
1213 1424 1422 1485 cooperemur,
1449 1424 1516 1485 qum

437 1487 534 1550 denuo
557 1497 626 1552 tntae
646 1489 852 1565 turbarentur,
878 1491 904 1551 si
926 1493 1006 1553 Boua
1033 1489 1229 1551 Ecclesiastiea
1254 1488 1378 1550 alienata
1406 1488 1517 1549 iterum

436 1579 533 1632 essem
555 1572 728 1652 repetenda,
756 1582 787 1635 et
808 1580 842 1635 ut
865 1572 955 1655 <quod
977 1572 1162 1651 potissimum
1187 1570 1240 1651 est)
1266 1570 1336 1631 lelix
1358 1568 1516 1632 Catholicae

436 1653 598 1733 Religionis
620 1656 769 1717 restitutio
794 1655 862 1727 tint,
894 1653 1144 1718 rraedeeassorum
1177 1656 1350 1715 Nostrorum
1383 1652 1518 1731 exempla

436 1744 579 1797 sectantes
591 1736 789 1808 declaramus,
812 1756 878 1811 eos,
899 1738 951 1815 qui
972 1739 1053 1799 Bona
1074 1735 1206 1799 sedecia
1220 1735 1343 1796 alienata
1358 1734 1544 1813 anquisire-'

436 1825 523 1891 runt,
550 1818 713 1881 molestiam
740 1818 850 1879 nubam
878 1818 1045 1892 babituros,
1079 1822 1175 1897 ireque
1199 1836 1217 1877 a
1241 1816 1349 1887 Nobis,
1375 1832 1517 1895 nequer

436 1899 575 1961 Romanis
607 1900 797 1980 pontificibus
828 1899 1047 1963 Successorihus
1079 1900 1204 1969 uostris,
1237 1917 1272 1959 ac
1303 1904 1518 1976 cousequenter

436 1982 601 2059 proprietas
614 1983 786 2045 eommdem
805 1985 969 2056 Bonorum,
996 1980 1144 2053 redditus,
1167 1988 1197 2041 et
1203 1979 1272 2059 jura
1283 1980 1319 2039 iis
1339 1978 1519 2039 intrarentin

436 2062 631 2125 immutabilia
642 2084 731 2145 penes
744 2066 753 2126 i
835 2073 923 2126 erunt
935 2073 1022 2143 atque
1036 2064 1074 2125 ah
1085 2063 1156 2143 ipsis
1169 2080 1285 2123 causam
1298 2060 1452 2123 habentes.

479 2145 689 2226 sedquoniam
704 2148 756 2209 Gal
769 2149 864 2208 iarum
878 2147 1010 2208 Ecclesiis
1026 2146 1117 2207 veteri
1132 2162 1185 2206 suo
1199 2144 1380 2205 Patrimonio
1395 2142 1520 2222 priuatis

437 2226 614 2289 invenienda
626 2230 702 2291 ratio
716 2230 812 2309 aliqua
824 2238 885 2301 est,
909 2248 967 2307 qua
989 2228 1118 2308 suppleri
1133 2226 1359 2305 Episcoperum,
1376 2244 1411 2285 ac
1426 2228 1519 2285 Paro-

438 2306 562 2369 chorum
580 2312 785 2373 sustentationi
806 2330 839 2371 ae
859 2310 1001 2372 decentiae
1021 2310 1128 2390 possit,
1152 2308 1312 2369 Galliarum
1332 2305 1519 2369 Guberuium

437 2389 469 2449 in
496 2406 527 2449 se
551 2392 657 2469 recipit
684 2401 748 2452 tum
784 2392 1008 2469 Episcopnrum,
1047 2399 1110 2452 tum
1142 2388 1358 2456 parochorum,
1390 2406 1518 2465 quorum

437 2469 596 2542 Dioeceses,
626 2480 715 2549 atque
745 2472 900 2533 parochias
929 2490 1003 2532 nora
1036 2472 1268 2551 circumscriptio
1293 2469 1516 2550 complectitur,

440 2552 682 2613 sustentationem
694 2572 760 2631 quae
772 2552 912 2633 cujusque
927 2561 1034 2615 statum
1049 2552 1160 2615 deceat.

479 2634 574 2694 Simili
596 2633 683 2697 modo
702 2642 845 2697 statutum
867 2642 928 2705 est,
954 2635 1109 2697 Gallicane
1131 2634 1310 2714 Reipublicae
1335 2632 1519 2693 Guberuium

439 2724 626 2789 curaturum,
641 2725 676 2777 ut
688 2717 844 2779 Catholicis
858 2718 889 2777 iu
904 2717 995 2779 Gallia
1015 2717 1142 2779 liberum
1156 2717 1212 2790 sit,
1229 2717 1253 2777 ai
1266 2714 1404 2791 libuerit,
1419 2714 1521 2775 Eccle-

441 2797 492 2859 siis
505 2798 655 2862 consulere
669 2800 753 2861 nnsis
766 2798 999 2862 fundationibus.

480 2884 607 2943 Demum
621 2881 831 2944 declaravimus
845 2899 1053 2962 recognoscere
1064 2883 1122 2944 Nos
1136 2881 1167 2943 in
1182 2881 1281 2942 Primo
1293 2878 1416 2940 Consule
1431 2876 1523 2938 Galli·

442 2980 522 3024 cauoe
535 2963 714 3044 lleipublicoe
728 2963 909 3043 eademjura
933 2983 966 3024 ac
987 2963 1156 3044 privilegia,
1173 2963 1279 3041 quihus
1293 2959 1370 3040 apud
1385 2961 1523 3022 Sanctam

444 3043 549 3106 Sedem
562 3045 715 3106 fruebatur
729 3047 884 3124 antiquum
899 3047 1054 3126 Regimen.

483 3125 566 3201 Quod
592 3128 617 3187 si
641 3126 717 3188 lorte
742 3128 873 3202 eveniat,
898 3135 931 3187 ut
955 3126 1059 3204 aliquis
1082 3145 1118 3187 ex
1140 3123 1354 3188 successoribus
1381 3119 1519 3184 hodierni

441 3208 534 3268 Primi
548 3209 680 3270 Consulis
693 3209 869 3271 Catholieam
895 3209 1077 3283 Religionem
1100 3226 1159 3268 non
1183 3205 1387 3287 profiteretur,
1404 3223 1439 3266 eo
1452 3223 1520 3266 casu

443 3307 532 3368 super
549 3289 665 3366 juribus
688 3299 719 3351 et
742 3291 903 3371 privilegiis
927 3290 1060 3369 superius
1083 3292 1269 3364 memoratis,
1293 3305 1407 3349 necnon
1432 3304 1523 3366 super

443 3371 644 3434 nominatione
661 3373 699 3432 ad
720 3372 992 3454 archiepiscopatus
1014 3379 1043 3434 et
1064 3372 1251 3451 Episcopatus
1274 3378 1408 3449 respectu
1430 3368 1523 3448 ipsius

444 3469 520 3512 nova
533 3453 689 3514 conventio
704 3453 766 3515 liet.

484 3535 558 3594 Cum
581 3533 680 3612 itaque
701 3534 816 3605 omnin,
843 3543 874 3596 et
901 3535 1015 3614 singula
1045 3535 1180 3614 superius
1205 3535 1349 3596 recensita
1374 3550 1411 3592 ex
1437 3539 1523 3610 parte

443 3613 562 3694 quidem
577 3615 698 3683 Nostra,
720 3634 754 3676 ac
771 3618 877 3678 Nostro
894 3624 925 3676 ct
944 3617 1022 3678 sedis
1041 3616 1213 3696 Apostolieae
1236 3617 1357 3678 nomine
1377 3613 1522 3676 aDilecto

443 3697 475 3758 in
488 3695 603 3759 Christo
616 3696 690 3758 Filio
702 3699 808 3760 Nostro
825 3698 949 3758 ltereule
967 3699 997 3758 S.
1021 3698 1142 3778 Agathe
1163 3696 1199 3758 ad
1213 3699 1375 3759 Saburram
1390 3695 1522 3756 Diacano

445 3777 591 3843 Cardinali
611 3777 743 3840 Cousalri
763 3798 781 3839 a
802 3779 927 3840 Secretis
947 3780 1047 3843 Nostri
1072 3782 1187 3850 Status,
1212 3797 1325 3841 necnon
1351 3775 1520 3838 Venerabili

445 3863 548 3924 Fratre
559 3857 684 3939 losepho
697 3858 921 3940 brehiepiscopn
940 3861 1088 3932 Corinthi,
1105 3870 1193 3940 atque
1206 3863 1316 3922 Dilecto
1330 3860 1405 3920 Filio
1418 3859 1523 3920 Cereio

445 3944 563 4020 Cesetti3
578 3961 614 4004 er
629 3948 710 4021 parte
724 3959 808 4013 vern,
821 3950 853 4003 et
866 3945 990 4006 nomine·
1007 3944 1146 4006 Gallicani
1167 3943 1308 4004 Gubernii
1323 3961 1339 4000 a
1355 3941 1475 4002 Dilectis
1491 3941 1523 4000 in

446 4024 561 4088 Christo
571 4022 783 4103 Filiistosepho
793 4027 967 4104 Bonaparte,
979 4033 1008 4086 et
1019 4024 1208 4086 Emmanuele
1219 4028 1327 4096 Cretat,
1340 4022 1523 4084 Consiliariis

446 4115 555 4182 status,
580 4124 694 4170 necnon
721 4106 830 4170 Dilecto
861 4108 892 4168 in
924 4106 1039 4170 Christo
1073 4107 1146 4170 Filio
1174 4106 1348 4186 Presbytero
1370 4103 1523 4183 Stephano
