<?xml version="1.0" encoding="UTF-8"?>
<!DOCTYPE html PUBLIC "-//W3C//DTD XHTML 1.0 Transitional//EN"
    "http://www.w3.org/TR/xhtml1/DTD/xhtml1-transitional.dtd">
<html xmlns="http://www.w3.org/1999/xhtml" xml:lang="en" lang="en">
 <head>
  <title>
</title>
<meta http-equiv="Content-Type" content="text/html;charset=utf-8" />
  <meta name='ocr-system' content='tesseract 3.04.00' />
  <meta name='ocr-capabilities' content='ocr_page ocr_carea ocr_par ocr_line ocrx_word'/>
</head>
<body>
  <div class='ocr_page' id='page_1' title='image "./institutionumca01devogoog_0254.png"; bbox 0 0 3575 5625; ppageno 0'>
   <div class='ocr_carea' id='block_1_1' title="bbox 631 646 853 717">
    <p class='ocr_par' dir='ltr' id='par_1_1' title="bbox 631 646 853 717">
     <span class='ocr_line' id='line_1_1' title="bbox 631 646 853 717; baseline -0.005 -1"><span class='ocrx_word' id='word_1_1' title='bbox 631 646 853 717; x_wconf 73' lang='lat' dir='ltr'><strong>-tto-</strong></span> 
     </span>
    </p>
   </div>
   <div class='ocr_carea' id='block_1_2' title="bbox 212 788 1289 4302">
    <p class='ocr_par' dir='ltr' id='par_1_2' title="bbox 219 788 1280 1110">
     <span class='ocr_line' id='line_1_2' title="bbox 221 788 1280 873; baseline 0.005 -22"><span class='ocrx_word' id='word_1_2' title='bbox 221 790 346 869; x_wconf 82' lang='lat' dir='ltr'><strong>inquiunt</strong></span> <span class='ocrx_word' id='word_1_3' title='bbox 360 788 496 851; x_wconf 78' lang='lat' dir='ltr'><strong>videlieet</strong></span> <span class='ocrx_word' id='word_1_4' title='bbox 517 790 547 851; x_wconf 91' lang='lat' dir='ltr'><strong>in</strong></span> <span class='ocrx_word' id='word_1_5' title='bbox 566 793 680 869; x_wconf 84' lang='lat' dir='ltr'><strong>paneis,</strong></span> <span class='ocrx_word' id='word_1_6' title='bbox 697 794 721 853; x_wconf 91' lang='lat' dir='ltr'><strong>si</strong></span> <span class='ocrx_word' id='word_1_7' title='bbox 744 794 798 872; x_wconf 90' lang='lat' dir='ltr'><strong>ipsi</strong></span> <span class='ocrx_word' id='word_1_8' title='bbox 817 794 1036 873; x_wconf 88' lang='lat' dir='ltr'><strong>opprimantur,</strong></span> <span class='ocrx_word' id='word_1_9' title='bbox 1057 795 1188 855; x_wconf 86' lang='lat' dir='ltr'><strong>residere</strong></span> <span class='ocrx_word' id='word_1_10' title='bbox 1200 798 1280 856; x_wconf 88' lang='lat' dir='ltr'><strong>vori-</strong></span> 
     </span>
     <span class='ocr_line' id='line_1_3' title="bbox 220 872 1279 955; baseline 0.007 -24"><span class='ocrx_word' id='word_1_11' title='bbox 220 880 313 947; x_wconf 87' lang='lat' dir='ltr'><strong>tatem‚</strong></span> <span class='ocrx_word' id='word_1_12' title='bbox 329 890 437 950; x_wconf 85' lang='lat' dir='ltr'><strong>eoaque</strong></span> <span class='ocrx_word' id='word_1_13' title='bbox 459 872 612 933; x_wconf 76' lang='lat' dir='ltr'><strong>boretioos</strong></span> <span class='ocrx_word' id='word_1_14' title='bbox 632 873 735 935; x_wconf 86' lang='lat' dir='ltr'><strong>baberi</strong></span> <span class='ocrx_word' id='word_1_15' title='bbox 757 893 817 935; x_wconf 92' lang='lat' dir='ltr'><strong>non</strong></span> <span class='ocrx_word' id='word_1_16' title='bbox 836 892 937 953; x_wconf 88' lang='lat' dir='ltr'><strong>posse,</strong></span> <span class='ocrx_word' id='word_1_17' title='bbox 962 894 1139 955; x_wconf 84' lang='lat' dir='ltr'><strong>quamquam</strong></span> <span class='ocrx_word' id='word_1_18' title='bbox 1153 896 1279 939; x_wconf 90' lang='lat' dir='ltr'><strong>numero</strong></span> 
     </span>
     <span class='ocr_line' id='line_1_4' title="bbox 220 952 1277 1101; baseline 0.004 -86"><span class='ocrx_word' id='word_1_19' title='bbox 220 955 292 1095; x_wconf 57' lang='lat' dir='ltr'><strong>papiani</strong></span> <span class='ocrx_word' id='word_1_20' title='bbox 301 952 442 1096; x_wconf 55' lang='lat' dir='ltr'><strong>ogsistaat</strong></span> <span class='ocrx_word' id='word_1_21' title='bbox 455 955 576 1031; x_wconf 84' lang='lat' dir='ltr'><strong>asteris,</strong></span> <span class='ocrx_word' id='word_1_22' title='bbox 592 974 725 1098; x_wconf 54' lang='lat' dir='ltr'><strong>fflmm</strong></span> <span class='ocrx_word' id='word_1_23' title='bbox 739 974 855 1017; x_wconf 90' lang='lat' dir='ltr'><strong>summo</strong></span> <span class='ocrx_word' id='word_1_24' title='bbox 876 955 1019 1051; x_wconf 76' lang='lat' dir='ltr'><strong>Pantilioo</strong></span> <span class='ocrx_word' id='word_1_25' title='bbox 1033 959 1180 1035; x_wconf 82' lang='lat' dir='ltr'><strong>conjuncti</strong></span> <span class='ocrx_word' id='word_1_26' title='bbox 1192 969 1277 1101; x_wconf 45' lang='lat' dir='ltr'><strong>span?</strong></span> 
     </span>
     <span class='ocr_line' id='line_1_5' title="bbox 219 1052 1247 1110; baseline 0.006 -15"><span class='ocrx_word' id='word_1_27' title='bbox 219 1055 248 1095; x_wconf 90' lang='lat' dir='ltr'><strong>au</strong></span> <span class='ocrx_word' id='word_1_28' title='bbox 268 1054 311 1096; x_wconf 83' lang='lat' dir='ltr'><strong>ren</strong></span> <span class='ocrx_word' id='word_1_29' title='bbox 333 1054 380 1095; x_wconf 89' lang='lat' dir='ltr'><strong>am</strong></span> <span class='ocrx_word' id='word_1_30' title='bbox 393 1052 569 1097; x_wconf 84' lang='lat' dir='ltr'><strong>essevooem</strong></span> <span class='ocrx_word' id='word_1_31' title='bbox 651 1055 690 1110; x_wconf 83' lang='lat' dir='ltr'><strong>aa,</strong></span> <span class='ocrx_word' id='word_1_32' title='bbox 757 1054 783 1099; x_wconf 67' lang='grc' dir='ltr'>ω</span> <span class='ocrx_word' id='word_1_33' title='bbox 796 1056 864 1099; x_wconf 92' lang='lat' dir='ltr'><strong>oum</strong></span> <span class='ocrx_word' id='word_1_34' title='bbox 961 1056 1003 1098; x_wconf 85' lang='lat' dir='ltr'><strong>rrs</strong></span> <span class='ocrx_word' id='word_1_35' title='bbox 1016 1058 1086 1100; x_wconf 84' lang='lat' dir='ltr'><strong>rooe</strong></span> <span class='ocrx_word' id='word_1_36' title='bbox 1099 1058 1205 1102; x_wconf 89' lang='lat' dir='ltr'><strong>oonsen</strong></span> <span class='ocrx_word' id='word_1_37' title='bbox 1219 1060 1247 1101; x_wconf 85' lang='lat' dir='ltr'><strong>sa</strong></span> 
     </span>
    </p>

    <p class='ocr_par' dir='ltr' id='par_1_3' title="bbox 212 1046 1289 4302">
     <span class='ocr_line' id='line_1_6' title="bbox 220 1046 1281 1200; baseline 0.007 -23"><span class='ocrx_word' id='word_1_38' title='bbox 220 1126 248 1177; x_wconf 89' lang='lat' dir='ltr'><strong>ut</strong></span> <span class='ocrx_word' id='word_1_39' title='bbox 269 1117 392 1179; x_wconf 77' lang='lat' dir='ltr'><strong>eoolosioe</strong></span> <span class='ocrx_word' id='word_1_40' title='bbox 409 1117 553 1197; x_wconf 81' lang='lat' dir='ltr'><strong>judicium</strong></span> <span class='ocrx_word' id='word_1_41' title='bbox 577 1056 634 1195; x_wconf 50' lang='lat' dir='ltr'><strong>ofin</strong></span> <span class='ocrx_word' id='word_1_42' title='bbox 657 1046 1054 1200; x_wconf 50' lang='lat' dir='ltr'><strong>uniqulcujasquffimmi,</strong></span> <span class='ocrx_word' id='word_1_43' title='bbox 1078 1122 1102 1181; x_wconf 89' lang='lat' dir='ltr'><strong>ai</strong></span> <span class='ocrx_word' id='word_1_44' title='bbox 1117 1086 1281 1200; x_wconf 72' lang='lat' dir='ltr'><strong>prasertim</strong></span> 
     </span>
     <span class='ocr_line' id='line_1_7' title="bbox 219 1199 1282 1282; baseline 0.007 -24"><span class='ocrx_word' id='word_1_45' title='bbox 219 1200 277 1259; x_wconf 78' lang='lat' dir='ltr'><strong>rito</strong></span> <span class='ocrx_word' id='word_1_46' title='bbox 298 1200 412 1281; x_wconf 88' lang='lat' dir='ltr'><strong>integer</strong></span> <span class='ocrx_word' id='word_1_47' title='bbox 425 1200 479 1277; x_wconf 88' lang='lat' dir='ltr'><strong>sit,</strong></span> <span class='ocrx_word' id='word_1_48' title='bbox 499 1199 687 1263; x_wconf 85' lang='lat' dir='ltr'><strong>definitiones</strong></span> <span class='ocrx_word' id='word_1_49' title='bbox 708 1220 770 1263; x_wconf 85' lang='lat' dir='ltr'><strong>osse</strong></span> <span class='ocrx_word' id='word_1_50' title='bbox 791 1202 1006 1282; x_wconf 78' lang='lat' dir='ltr'><strong>subjiciendas,</strong></span> <span class='ocrx_word' id='word_1_51' title='bbox 1022 1210 1056 1261; x_wconf 91' lang='lat' dir='ltr'><strong>ut</strong></span> <span class='ocrx_word' id='word_1_52' title='bbox 1077 1203 1148 1262; x_wconf 88' lang='lat' dir='ltr'><strong>inde</strong></span> <span class='ocrx_word' id='word_1_53' title='bbox 1175 1206 1282 1265; x_wconf 86' lang='lat' dir='ltr'><strong>veritas</strong></span> 
     </span>
     <span class='ocr_line' id='line_1_8' title="bbox 218 1280 1279 1363; baseline 0.007 -23"><span class='ocrx_word' id='word_1_54' title='bbox 218 1280 360 1356; x_wconf 80' lang='lat' dir='ltr'><strong>oluoesoat3</strong></span> <span class='ocrx_word' id='word_1_55' title='bbox 376 1282 504 1360; x_wconf 84' lang='lat' dir='ltr'><strong>deniquo</strong></span> <span class='ocrx_word' id='word_1_56' title='bbox 517 1282 691 1344; x_wconf 80' lang='lat' dir='ltr'><strong>inferiorum</strong></span> <span class='ocrx_word' id='word_1_57' title='bbox 712 1284 884 1346; x_wconf 69' lang='lat' dir='ltr'><strong>olorinorum</strong></span> <span class='ocrx_word' id='word_1_58' title='bbox 900 1303 967 1345; x_wconf 77' lang='lat' dir='ltr'><strong>urm</strong></span> <span class='ocrx_word' id='word_1_59' title='bbox 980 1284 1122 1363; x_wconf 85' lang='lat' dir='ltr'><strong>episeopis</strong></span> <span class='ocrx_word' id='word_1_60' title='bbox 1133 1284 1279 1362; x_wconf 84' lang='lat' dir='ltr'><strong>judiciam</strong></span> 
     </span>
     <span class='ocr_line' id='line_1_9' title="bbox 220 1364 1278 1445; baseline 0.004 -22"><span class='ocrx_word' id='word_1_61' title='bbox 220 1365 486 1425; x_wconf 72' lang='lat' dir='ltr'><strong>omonooaasarium.</strong></span> <span class='ocrx_word' id='word_1_62' title='bbox 503 1368 547 1426; x_wconf 86' lang='lat' dir='ltr'><strong>De</strong></span> <span class='ocrx_word' id='word_1_63' title='bbox 563 1364 610 1426; x_wconf 87' lang='lat' dir='ltr'><strong>bis</strong></span> <span class='ocrx_word' id='word_1_64' title='bbox 627 1365 766 1427; x_wconf 87' lang='lat' dir='ltr'><strong>omnibus</strong></span> <span class='ocrx_word' id='word_1_65' title='bbox 777 1365 871 1427; x_wconf 81' lang='lat' dir='ltr'><strong>diram</strong></span> <span class='ocrx_word' id='word_1_66' title='bbox 884 1384 938 1445; x_wconf 90' lang='lat' dir='ltr'><strong>pro</strong></span> <span class='ocrx_word' id='word_1_67' title='bbox 951 1367 1088 1427; x_wconf 85' lang='lat' dir='ltr'><strong>instituto</strong></span> <span class='ocrx_word' id='word_1_68' title='bbox 1098 1383 1165 1426; x_wconf 91' lang='lat' dir='ltr'><strong>meo</strong></span> <span class='ocrx_word' id='word_1_69' title='bbox 1176 1384 1278 1445; x_wconf 91' lang='lat' dir='ltr'><strong>pauoa.</strong></span> 
     </span>
     <span class='ocr_line' id='line_1_10' title="bbox 219 1444 1278 1527; baseline 0.003 -23"><span class='ocrx_word' id='word_1_70' title='bbox 219 1447 285 1505; x_wconf 84' lang='lat' dir='ltr'><strong>Sane</strong></span> <span class='ocrx_word' id='word_1_71' title='bbox 296 1444 374 1523; x_wconf 90' lang='lat' dir='ltr'><strong>quod</strong></span> <span class='ocrx_word' id='word_1_72' title='bbox 388 1445 471 1523; x_wconf 86' lang='lat' dir='ltr'><strong>ajunt</strong></span> <span class='ocrx_word' id='word_1_73' title='bbox 491 1448 523 1505; x_wconf 88' lang='lat' dir='ltr'><strong>ia</strong></span> <span class='ocrx_word' id='word_1_74' title='bbox 540 1448 638 1525; x_wconf 86' lang='lat' dir='ltr'><strong>paneis</strong></span> <span class='ocrx_word' id='word_1_75' title='bbox 655 1448 749 1509; x_wconf 86' lang='lat' dir='ltr'><strong>inesse</strong></span> <span class='ocrx_word' id='word_1_76' title='bbox 766 1448 942 1524; x_wconf 78' lang='lat' dir='ltr'><strong>veritatem,</strong></span> <span class='ocrx_word' id='word_1_77' title='bbox 966 1466 1034 1508; x_wconf 88' lang='lat' dir='ltr'><strong>oum</strong></span> <span class='ocrx_word' id='word_1_78' title='bbox 1049 1448 1278 1527; x_wconf 90' lang='lat' dir='ltr'><strong>opprimuntur,</strong></span> 
     </span>
     <span class='ocr_line' id='line_1_11' title="bbox 220 1525 1285 1609; baseline 0.004 -24"><span class='ocrx_word' id='word_1_79' title='bbox 220 1525 246 1585; x_wconf 92' lang='lat' dir='ltr'><strong>id</strong></span> <span class='ocrx_word' id='word_1_80' title='bbox 259 1545 407 1587; x_wconf 80' lang='lat' dir='ltr'><strong>commune</strong></span> <span class='ocrx_word' id='word_1_81' title='bbox 430 1534 474 1589; x_wconf 88' lang='lat' dir='ltr'><strong>est</strong></span> <span class='ocrx_word' id='word_1_82' title='bbox 487 1546 661 1608; x_wconf 75' lang='lat' dir='ltr'>semperque</span> <span class='ocrx_word' id='word_1_83' title='bbox 678 1530 736 1591; x_wconf 85' lang='lat' dir='ltr'><strong>tuit</strong></span> <span class='ocrx_word' id='word_1_84' title='bbox 750 1529 898 1591; x_wconf 81' lang='lat' dir='ltr'><strong>haeretiois</strong></span> <span class='ocrx_word' id='word_1_85' title='bbox 919 1531 1080 1591; x_wconf 85' lang='lat' dir='ltr'><strong>universis:</strong></span> <span class='ocrx_word' id='word_1_86' title='bbox 1099 1530 1150 1607; x_wconf 86' lang='lat' dir='ltr'><strong>qui</strong></span> <span class='ocrx_word' id='word_1_87' title='bbox 1167 1548 1285 1609; x_wconf 86' lang='lat' dir='ltr'><strong>semper</strong></span> 
     </span>
     <span class='ocr_line' id='line_1_12' title="bbox 220 1608 1285 1690; baseline 0.007 -24"><span class='ocrx_word' id='word_1_88' title='bbox 220 1624 276 1667; x_wconf 81' lang='lat' dir='ltr'><strong>seso</strong></span> <span class='ocrx_word' id='word_1_89' title='bbox 288 1608 411 1687; x_wconf 83' lang='lat' dir='ltr'><strong>opprimi</strong></span> <span class='ocrx_word' id='word_1_90' title='bbox 428 1612 579 1688; x_wconf 81' lang='lat' dir='ltr'><strong>oonquoati</strong></span> <span class='ocrx_word' id='word_1_91' title='bbox 596 1619 681 1687; x_wconf 89' lang='lat' dir='ltr'><strong>sunt,</strong></span> <span class='ocrx_word' id='word_1_92' title='bbox 702 1620 790 1690; x_wconf 87' lang='lat' dir='ltr'><strong>atque</strong></span> <span class='ocrx_word' id='word_1_93' title='bbox 810 1612 887 1673; x_wconf 93' lang='lat' dir='ltr'><strong>hano</strong></span> <span class='ocrx_word' id='word_1_94' title='bbox 907 1613 997 1673; x_wconf 86' lang='lat' dir='ltr'><strong>luisse</strong></span> <span class='ocrx_word' id='word_1_95' title='bbox 1018 1611 1232 1672; x_wconf 77' lang='lat' dir='ltr'><strong>donatistarum</strong></span> <span class='ocrx_word' id='word_1_96' title='bbox 1256 1621 1285 1673; x_wconf 90' lang='lat' dir='ltr'><strong>et</strong></span> 
     </span>
     <span class='ocr_line' id='line_1_13' title="bbox 222 1690 1282 1775; baseline 0.006 -27"><span class='ocrx_word' id='word_1_97' title='bbox 222 1690 428 1769; x_wconf 84' lang='lat' dir='ltr'><strong>pelagianorum</strong></span> <span class='ocrx_word' id='word_1_98' title='bbox 441 1693 631 1769; x_wconf 80' lang='lat' dir='ltr'><strong>cantilenam,</strong></span> <span class='ocrx_word' id='word_1_99' title='bbox 646 1700 772 1754; x_wconf 86' lang='lat' dir='ltr'><strong>testatur</strong></span> <span class='ocrx_word' id='word_1_100' title='bbox 788 1695 970 1775; x_wconf 74' lang='lat' dir='ltr'><strong>Augustinus</strong></span> <span class='ocrx_word' id='word_1_101' title='bbox 984 1702 1062 1753; x_wconf 81' lang='lat' dir='ltr'><strong>root.</strong></span> <span class='ocrx_word' id='word_1_102' title='bbox 1083 1690 1129 1754; x_wconf 76' lang='lat' dir='ltr'><strong>tir.</strong></span> <span class='ocrx_word' id='word_1_103' title='bbox 1143 1692 1282 1775; x_wconf 72' lang='lat' dir='ltr'><strong>petilian.</strong></span> 
     </span>
     <span class='ocr_line' id='line_1_14' title="bbox 224 1766 1283 1856; baseline 0.008 -27"><span class='ocrx_word' id='word_1_104' title='bbox 224 1766 305 1832; x_wconf 58' lang='lat' dir='ltr'><strong>tta</strong></span> <span class='ocrx_word' id='word_1_105' title='bbox 331 1790 400 1853; x_wconf 83' lang='lat' dir='ltr'><strong>cup.</strong></span> <span class='ocrx_word' id='word_1_106' title='bbox 424 1776 465 1834; x_wconf 77' lang='lat' dir='ltr'><strong>bb</strong></span> <span class='ocrx_word' id='word_1_107' title='bbox 490 1792 557 1856; x_wconf 91' lang='lat' dir='ltr'><strong>opp.</strong></span> <span class='ocrx_word' id='word_1_108' title='bbox 583 1783 654 1836; x_wconf 88' lang='lat' dir='ltr'><strong>tom.</strong></span> <span class='ocrx_word' id='word_1_109' title='bbox 674 1777 693 1836; x_wconf 88' lang='lat'>8</span> <span class='ocrx_word' id='word_1_110' title='bbox 718 1772 773 1837; x_wconf 84' lang='lat' dir='ltr'><strong>rol.</strong></span> <span class='ocrx_word' id='word_1_111' title='bbox 789 1778 844 1836; x_wconf 70' lang='lat' dir='ltr'><strong>att</strong></span> <span class='ocrx_word' id='word_1_112' title='bbox 870 1774 916 1837; x_wconf 85' lang='lat' dir='ltr'><strong>od.</strong></span> <span class='ocrx_word' id='word_1_113' title='bbox 936 1777 1034 1835; x_wconf 84' lang='lat' dir='ltr'><strong>Venet.</strong></span> <span class='ocrx_word' id='word_1_114' title='bbox 1051 1777 1158 1836; x_wconf 83' lang='lat' dir='ltr'><strong>Maur.</strong></span> <span class='ocrx_word' id='word_1_115' title='bbox 1187 1777 1283 1852; x_wconf 73' lang='lat'><strong>1735,</strong></span> 
     </span>
     <span class='ocr_line' id='line_1_15' title="bbox 223 1851 1286 1939; baseline 0.005 -27"><span class='ocrx_word' id='word_1_116' title='bbox 223 1861 246 1912; x_wconf 85' lang='lat' dir='ltr'><strong>et</strong></span> <span class='ocrx_word' id='word_1_117' title='bbox 270 1862 288 1913; x_wconf 93' lang='lat' dir='ltr'><strong>t.</strong></span> <span class='ocrx_word' id='word_1_118' title='bbox 312 1856 350 1914; x_wconf 86' lang='grc'><strong>40</strong></span> <span class='ocrx_word' id='word_1_119' title='bbox 365 1851 419 1916; x_wconf 78' lang='lat' dir='ltr'><strong>col.</strong></span> <span class='ocrx_word' id='word_1_120' title='bbox 440 1858 512 1917; x_wconf 74' lang='lat' dir='ltr'><strong>aba.</strong></span> <span class='ocrx_word' id='word_1_121' title='bbox 532 1860 576 1918; x_wconf 91' lang='lat' dir='ltr'><strong>De</strong></span> <span class='ocrx_word' id='word_1_122' title='bbox 591 1856 748 1939; x_wconf 76' lang='lat' dir='ltr'><strong>pelagianis</strong></span> <span class='ocrx_word' id='word_1_123' title='bbox 767 1857 798 1917; x_wconf 92' lang='lat' dir='ltr'><strong>id</strong></span> <span class='ocrx_word' id='word_1_124' title='bbox 819 1857 910 1917; x_wconf 90' lang='lat' dir='ltr'><strong>tradit</strong></span> <span class='ocrx_word' id='word_1_125' title='bbox 927 1856 1078 1919; x_wconf 78' lang='lat' dir='ltr'><strong>Nestorius</strong></span> <span class='ocrx_word' id='word_1_126' title='bbox 1100 1855 1141 1917; x_wconf 83' lang='lat' dir='ltr'><strong>od</strong></span> <span class='ocrx_word' id='word_1_127' title='bbox 1162 1854 1286 1918; x_wconf 79' lang='lat' dir='ltr'><strong>Coeleotr&#39;·</strong></span> 
     </span>
     <span class='ocr_line' id='line_1_16' title="bbox 224 1935 1285 2017; baseline 0.006 -24"><span class='ocrx_word' id='word_1_128' title='bbox 224 1952 287 1995; x_wconf 83' lang='lat' dir='ltr'><strong>narn</strong></span> <span class='ocrx_word' id='word_1_129' title='bbox 307 1938 396 1997; x_wconf 86' lang='lat' dir='ltr'><strong>Pont.</strong></span> <span class='ocrx_word' id='word_1_130' title='bbox 421 1938 497 2017; x_wconf 91' lang='lat' dir='ltr'><strong>apud</strong></span> <span class='ocrx_word' id='word_1_131' title='bbox 518 1938 666 1999; x_wconf 76' lang='lat' dir='ltr'><strong>labbeum</strong></span> <span class='ocrx_word' id='word_1_132' title='bbox 691 1947 762 2000; x_wconf 85' lang='lat' dir='ltr'><strong>torn.</strong></span> <span class='ocrx_word' id='word_1_133' title='bbox 787 1936 931 2001; x_wconf 66' lang='lat' dir='ltr'><strong>sconart</strong></span> <span class='ocrx_word' id='word_1_134' title='bbox 955 1935 1011 1999; x_wconf 79' lang='lat' dir='ltr'><strong>ool.</strong></span> <span class='ocrx_word' id='word_1_135' title='bbox 1036 1940 1095 1998; x_wconf 82' lang='lat'><strong>899</strong></span> <span class='ocrx_word' id='word_1_136' title='bbox 1116 1936 1161 1998; x_wconf 81' lang='lat' dir='ltr'><strong>ed.</strong></span> <span class='ocrx_word' id='word_1_137' title='bbox 1185 1941 1285 2000; x_wconf 86' lang='lat' dir='ltr'><strong>Venet.</strong></span> 
     </span>
     <span class='ocr_line' id='line_1_17' title="bbox 231 2016 1288 2097; baseline 0.002 -18"><span class='ocrx_word' id='word_1_138' title='bbox 231 2016 395 2093; x_wconf 71' lang='lat' dir='ltr'><strong>alulianus,</strong></span> <span class='ocrx_word' id='word_1_139' title='bbox 417 2028 446 2079; x_wconf 86' lang='lat' dir='ltr'><strong>et</strong></span> <span class='ocrx_word' id='word_1_140' title='bbox 471 2020 589 2095; x_wconf 79' lang='lat' dir='ltr'><strong>Florus,</strong></span> <span class='ocrx_word' id='word_1_141' title='bbox 619 2028 649 2081; x_wconf 91' lang='lat' dir='ltr'><strong>et</strong></span> <span class='ocrx_word' id='word_1_142' title='bbox 674 2021 830 2095; x_wconf 79' lang='lat' dir='ltr'><strong>orontius,</strong></span> <span class='ocrx_word' id='word_1_143' title='bbox 854 2029 884 2080; x_wconf 87' lang='lat' dir='ltr'><strong>at</strong></span> <span class='ocrx_word' id='word_1_144' title='bbox 908 2020 1053 2082; x_wconf 81' lang='lat' dir='ltr'><strong>Fabius...</strong></span> <span class='ocrx_word' id='word_1_145' title='bbox 1079 2038 1194 2097; x_wconf 76' lang='lat' dir='ltr'><strong>sape...</strong></span> <span class='ocrx_word' id='word_1_146' title='bbox 1221 2040 1288 2081; x_wconf 89' lang='lat' dir='ltr'><strong>suas</strong></span> 
     </span>
     <span class='ocr_line' id='line_1_18' title="bbox 225 2099 1287 2181; baseline 0.006 -24"><span class='ocrx_word' id='word_1_147' title='bbox 225 2116 312 2159; x_wconf 86' lang='lat' dir='ltr'><strong>causas</strong></span> <span class='ocrx_word' id='word_1_148' title='bbox 334 2099 521 2162; x_wconf 87' lang='lat' dir='ltr'><strong>defleverunt</strong></span> <span class='ocrx_word' id='word_1_149' title='bbox 542 2110 692 2181; x_wconf 85' lang='lat' dir='ltr'><strong>tamquam</strong></span> <span class='ocrx_word' id='word_1_150' title='bbox 717 2101 890 2181; x_wconf 84' lang='lat' dir='ltr'><strong>orthodoxi,</strong></span> <span class='ocrx_word' id='word_1_151' title='bbox 921 2102 1102 2180; x_wconf 87' lang='lat' dir='ltr'><strong>temporibus</strong></span> <span class='ocrx_word' id='word_1_152' title='bbox 1115 2101 1287 2163; x_wconf 86' lang='lat' dir='ltr'><strong>orthodoxis</strong></span> 
     </span>
     <span class='ocr_line' id='line_1_19' title="bbox 223 2183 1285 2265; baseline 0.005 -25"><span class='ocrx_word' id='word_1_153' title='bbox 223 2183 468 2259; x_wconf 84' lang='lat' dir='ltr'><strong>persequutionem</strong></span> <span class='ocrx_word' id='word_1_154' title='bbox 499 2184 611 2262; x_wconf 91' lang='lat' dir='ltr'><strong>passi...</strong></span> <span class='ocrx_word' id='word_1_155' title='bbox 642 2184 781 2244; x_wconf 89' lang='lat' dir='ltr'><strong>insistunt</strong></span> <span class='ocrx_word' id='word_1_156' title='bbox 811 2183 1018 2265; x_wconf 86' lang='lat' dir='ltr'><strong>persingulas</strong></span> <span class='ocrx_word' id='word_1_157' title='bbox 1043 2184 1107 2245; x_wconf 88' lang='lat' dir='ltr'><strong>dios</strong></span> <span class='ocrx_word' id='word_1_158' title='bbox 1128 2184 1285 2263; x_wconf 87' lang='lat' dir='ltr'><strong>implentes</strong></span> 
     </span>
     <span class='ocr_line' id='line_1_20' title="bbox 222 2265 1285 2345; baseline 0.007 -27"><span class='ocrx_word' id='word_1_159' title='bbox 222 2278 299 2321; x_wconf 86' lang='lat' dir='ltr'><strong>auras</strong></span> <span class='ocrx_word' id='word_1_160' title='bbox 310 2265 443 2325; x_wconf 89' lang='lat' dir='ltr'><strong>omnium</strong></span> <span class='ocrx_word' id='word_1_161' title='bbox 457 2265 577 2325; x_wconf 83' lang='lat' dir='ltr'><strong>vocibus</strong></span> <span class='ocrx_word' id='word_1_162' title='bbox 589 2265 790 2345; x_wconf 67' lang='lat' dir='ltr'><strong>lacrymosior</strong></span> <span class='ocrx_word' id='word_1_163' title='bbox 809 2265 891 2327; x_wconf 92' lang='lat' dir='ltr'><strong>ldem</strong></span> <span class='ocrx_word' id='word_1_164' title='bbox 901 2272 1014 2326; x_wconf 84' lang='lat' dir='ltr'><strong>onustat</strong></span> <span class='ocrx_word' id='word_1_165' title='bbox 1024 2283 1059 2324; x_wconf 84' lang='lat' dir='ltr'><strong>ex</strong></span> <span class='ocrx_word' id='word_1_166' title='bbox 1070 2265 1181 2343; x_wconf 84' lang='lat' dir='ltr'><strong>libello,</strong></span> <span class='ocrx_word' id='word_1_167' title='bbox 1196 2284 1285 2344; x_wconf 87' lang='lat' dir='ltr'><strong>quem</strong></span> 
     </span>
     <span class='ocr_line' id='line_1_21' title="bbox 222 2343 1283 2427; baseline 0.006 -26"><span class='ocrx_word' id='word_1_168' title='bbox 222 2343 344 2405; x_wconf 86' lang='lat' dir='ltr'><strong>lulianus</strong></span> <span class='ocrx_word' id='word_1_169' title='bbox 358 2348 478 2407; x_wconf 90' lang='lat' dir='ltr'><strong>nomiae</strong></span> <span class='ocrx_word' id='word_1_170' title='bbox 497 2350 536 2409; x_wconf 86' lang='lat' dir='ltr'><strong>l8</strong></span> <span class='ocrx_word' id='word_1_171' title='bbox 557 2349 760 2427; x_wconf 83' lang='lat' dir='ltr'><strong>episcoporum</strong></span> <span class='ocrx_word' id='word_1_172' title='bbox 777 2346 860 2408; x_wconf 88' lang='lat' dir='ltr'><strong>dedit</strong></span> <span class='ocrx_word' id='word_1_173' title='bbox 877 2347 915 2407; x_wconf 91' lang='lat' dir='ltr'><strong>ad</strong></span> <span class='ocrx_word' id='word_1_174' title='bbox 938 2347 1087 2409; x_wconf 80' lang='lat' dir='ltr'><strong>zosimum</strong></span> <span class='ocrx_word' id='word_1_175' title='bbox 1103 2350 1154 2422; x_wconf 89' lang='lat' dir='ltr'><strong>P.‚</strong></span> <span class='ocrx_word' id='word_1_176' title='bbox 1180 2356 1210 2407; x_wconf 87' lang='lat' dir='ltr'><strong>ot</strong></span> <span class='ocrx_word' id='word_1_177' title='bbox 1232 2345 1283 2407; x_wconf 82' lang='lat' dir='ltr'><strong>lib.</strong></span> 
     </span>
     <span class='ocr_line' id='line_1_22' title="bbox 221 2421 1287 2509; baseline 0.007 -25"><span class='ocrx_word' id='word_1_178' title='bbox 221 2421 337 2487; x_wconf 86' lang='lat' dir='ltr'><strong>debon.</strong></span> <span class='ocrx_word' id='word_1_179' title='bbox 367 2435 526 2504; x_wconf 75' lang='lat' dir='ltr'><strong>constant,</strong></span> <span class='ocrx_word' id='word_1_180' title='bbox 557 2429 635 2507; x_wconf 90' lang='lat' dir='ltr'><strong>apud</strong></span> <span class='ocrx_word' id='word_1_181' title='bbox 660 2432 699 2490; x_wconf 83' lang='lat' dir='ltr'><strong>La</strong></span> <span class='ocrx_word' id='word_1_182' title='bbox 726 2430 867 2489; x_wconf 86' lang='lat' dir='ltr'><strong>Fontaine</strong></span> <span class='ocrx_word' id='word_1_183' title='bbox 902 2429 936 2489; x_wconf 87' lang='lat' dir='ltr'><strong>r&#39;n</strong></span> <span class='ocrx_word' id='word_1_184' title='bbox 962 2432 1081 2489; x_wconf 81' lang='lat' dir='ltr'><strong>constit.</strong></span> <span class='ocrx_word' id='word_1_185' title='bbox 1112 2428 1287 2509; x_wconf 78' lang='lat' dir='ltr'><strong>Unigenitus</strong></span> 
     </span>
     <span class='ocr_line' id='line_1_23' title="bbox 221 2506 1284 2607; baseline 0.007 -44"><span class='ocrx_word' id='word_1_186' title='bbox 221 2511 287 2565; x_wconf 86' lang='lat' dir='ltr'><strong>torn.</strong></span> <span class='ocrx_word' id='word_1_187' title='bbox 303 2510 322 2567; x_wconf 93' lang='grc'><strong>4</strong></span> <span class='ocrx_word' id='word_1_188' title='bbox 344 2506 399 2604; x_wconf 79' lang='lat' dir='ltr'><strong>ool.</strong></span> <span class='ocrx_word' id='word_1_189' title='bbox 417 2508 507 2571; x_wconf 70' lang='lat' dir='ltr'><strong>latr.</strong></span> <span class='ocrx_word' id='word_1_190' title='bbox 524 2513 589 2589; x_wconf 88' lang='lat' dir='ltr'><strong>lpse</strong></span> <span class='ocrx_word' id='word_1_191' title='bbox 612 2510 763 2573; x_wconf 83' lang='lat' dir='ltr'><strong>Nestorius</strong></span> <span class='ocrx_word' id='word_1_192' title='bbox 781 2509 952 2605; x_wconf 74' lang='lat' dir='ltr'><strong>rescribens</strong></span> <span class='ocrx_word' id='word_1_193' title='bbox 966 2510 1100 2572; x_wconf 83' lang='lat' dir='ltr'><strong>Coelestio</strong></span> <span class='ocrx_word' id='word_1_194' title='bbox 1116 2511 1284 2607; x_wconf 82' lang='lat' dir='ltr'><strong>pelagiano,</strong></span> 
     </span>
     <span class='ocr_line' id='line_1_24' title="bbox 220 2586 1289 2753; baseline -0.008 -26"><span class='ocrx_word' id='word_1_195' title='bbox 220 2586 1195 2753; x_wconf 59' lang='lat' dir='ltr'><strong>{stillatolitttttnt’ttalttldtt.¹litttltl</strong></span> <span class='ocrx_word' id='word_1_196' title='bbox 1210 2610 1289 2733; x_wconf 66' lang='lat' dir='ltr'><strong>tt?</strong></span> 
     </span>
     <span class='ocr_line' id='line_1_25' title="bbox 218 2752 1286 2837; baseline 0.005 -27"><span class='ocrx_word' id='word_1_197' title='bbox 218 2752 346 2814; x_wconf 87' lang='lat' dir='ltr'><strong>rentibus</strong></span> <span class='ocrx_word' id='word_1_198' title='bbox 360 2757 530 2832; x_wconf 80' lang='lat' dir='ltr'><strong>veritatem,</strong></span> <span class='ocrx_word' id='word_1_199' title='bbox 547 2764 576 2818; x_wconf 87' lang='lat' dir='ltr'><strong>et</strong></span> <span class='ocrx_word' id='word_1_200' title='bbox 597 2755 812 2837; x_wconf 77' lang='lat' dir='ltr'><strong>refugientibus</strong></span> <span class='ocrx_word' id='word_1_201' title='bbox 833 2756 1012 2836; x_wconf 89' lang='lat' dir='ltr'><strong>pollutorum</strong></span> <span class='ocrx_word' id='word_1_202' title='bbox 1028 2763 1263 2816; x_wconf 83' lang='lat' dir='ltr'><strong>eommuniouem</strong></span> <span class='ocrx_word' id='word_1_203' title='bbox 1277 2776 1286 2830; x_wconf 82' lang='lat'>3</span> 
     </span>
     <span class='ocr_line' id='line_1_26' title="bbox 218 2836 1289 2917; baseline 0.003 -23"><span class='ocrx_word' id='word_1_204' title='bbox 218 2836 279 2911; x_wconf 86' lang='lat' dir='ltr'><strong>quia</strong></span> <span class='ocrx_word' id='word_1_205' title='bbox 291 2843 321 2894; x_wconf 85' lang='lat' dir='ltr'><strong>et</strong></span> <span class='ocrx_word' id='word_1_206' title='bbox 342 2837 464 2910; x_wconf 87' lang='lat' dir='ltr'><strong>sanatis,</strong></span> <span class='ocrx_word' id='word_1_207' title='bbox 487 2840 537 2917; x_wconf 91' lang='lat' dir='ltr'><strong>qui</strong></span> <span class='ocrx_word' id='word_1_208' title='bbox 561 2848 629 2899; x_wconf 90' lang='lat' dir='ltr'><strong>ante</strong></span> <span class='ocrx_word' id='word_1_209' title='bbox 642 2846 771 2898; x_wconf 84' lang='lat' dir='ltr'><strong>nostram</strong></span> <span class='ocrx_word' id='word_1_210' title='bbox 793 2847 909 2898; x_wconf 72' lang='lat' dir='ltr'><strong>atatem</strong></span> <span class='ocrx_word' id='word_1_211' title='bbox 925 2838 1100 2897; x_wconf 82' lang='lat' dir='ltr'><strong>exstiterunt</strong></span> <span class='ocrx_word' id='word_1_212' title='bbox 1119 2847 1209 2916; x_wconf 74' lang='lat' dir='ltr'><strong>grata</strong></span> <span class='ocrx_word' id='word_1_213' title='bbox 1223 2838 1289 2897; x_wconf 85' lang='lat' dir='ltr'><strong>lbe-</strong></span> 
     </span>
     <span class='ocr_line' id='line_1_27' title="bbox 218 2919 1287 2999; baseline 0.002 -24"><span class='ocrx_word' id='word_1_214' title='bbox 218 2923 455 2994; x_wconf 66' lang='lat' dir='ltr'><strong>maturamus,</strong></span> <span class='ocrx_word' id='word_1_215' title='bbox 478 2929 508 2979; x_wconf 89' lang='lat' dir='ltr'><strong>ot</strong></span> <span class='ocrx_word' id='word_1_216' title='bbox 527 2921 599 2997; x_wconf 81' lang='lat' dir='ltr'><strong>ipaae</strong></span> <span class='ocrx_word' id='word_1_217' title='bbox 616 2920 736 2999; x_wconf 87' lang='lat' dir='ltr'><strong>quidem</strong></span> <span class='ocrx_word' id='word_1_218' title='bbox 756 2920 931 2998; x_wconf 88' lang='lat' dir='ltr'><strong>temporales</strong></span> <span class='ocrx_word' id='word_1_219' title='bbox 950 2927 1049 2986; x_wconf 87' lang='lat' dir='ltr'><strong>erant,</strong></span> <span class='ocrx_word' id='word_1_220' title='bbox 1066 2919 1174 2978; x_wconf 86' lang='lat' dir='ltr'><strong>veritas</strong></span> <span class='ocrx_word' id='word_1_221' title='bbox 1189 2927 1287 2978; x_wconf 91' lang='lat' dir='ltr'><strong>autem</strong></span> 
     </span>
     <span class='ocr_line' id='line_1_28' title="bbox 218 2999 1285 3080; baseline 0 -23"><span class='ocrx_word' id='word_1_222' title='bbox 218 3005 317 3060; x_wconf 81' lang='lat' dir='ltr'><strong>stoma</strong></span> <span class='ocrx_word' id='word_1_223' title='bbox 322 3041 433 3060; x_wconf 91' lang='grc'><strong>.....</strong></span> <span class='ocrx_word' id='word_1_224' title='bbox 451 3002 556 3061; x_wconf 85' lang='lat' dir='ltr'><strong>Paulus</strong></span> <span class='ocrx_word' id='word_1_225' title='bbox 573 3001 629 3062; x_wconf 90' lang='lat' dir='ltr'><strong>boo</strong></span> <span class='ocrx_word' id='word_1_226' title='bbox 640 3001 728 3062; x_wconf 88' lang='lat' dir='ltr'><strong>modo</strong></span> <span class='ocrx_word' id='word_1_227' title='bbox 747 3009 908 3080; x_wconf 79' lang='lat' dir='ltr'><strong>quoquest</strong></span> <span class='ocrx_word' id='word_1_228' title='bbox 926 3003 1031 3061; x_wconf 87' lang='lat' dir='ltr'><strong>Petrus</strong></span> <span class='ocrx_word' id='word_1_229' title='bbox 1046 2999 1191 3058; x_wconf 86' lang='lat' dir='ltr'><strong>interlecti</strong></span> <span class='ocrx_word' id='word_1_230' title='bbox 1206 3009 1285 3057; x_wconf 88' lang='lat' dir='ltr'><strong>sunt.</strong></span> 
     </span>
     <span class='ocr_line' id='line_1_29' title="bbox 216 3079 1288 3162; baseline -0.002 -24"><span class='ocrx_word' id='word_1_231' title='bbox 216 3080 247 3138; x_wconf 85' lang='lat' dir='ltr'><strong>Et</strong></span> <span class='ocrx_word' id='word_1_232' title='bbox 269 3082 340 3158; x_wconf 90' lang='lat' dir='ltr'><strong>quid</strong></span> <span class='ocrx_word' id='word_1_233' title='bbox 364 3081 490 3160; x_wconf 90' lang='lat' dir='ltr'><strong>amplius</strong></span> <span class='ocrx_word' id='word_1_234' title='bbox 508 3083 565 3143; x_wconf 87' lang='lat' dir='ltr'><strong>diei</strong></span> <span class='ocrx_word' id='word_1_235' title='bbox 591 3101 664 3162; x_wconf 91' lang='lat' dir='ltr'><strong>opus</strong></span> <span class='ocrx_word' id='word_1_236' title='bbox 683 3085 749 3143; x_wconf 84' lang='lat' dir='ltr'><strong>est?</strong></span> <span class='ocrx_word' id='word_1_237' title='bbox 776 3086 819 3143; x_wconf 90' lang='lat' dir='ltr'><strong>lta</strong></span> <span class='ocrx_word' id='word_1_238' title='bbox 846 3089 946 3141; x_wconf 84' lang='lat' dir='ltr'><strong>sotum</strong></span> <span class='ocrx_word' id='word_1_239' title='bbox 970 3087 1014 3140; x_wconf 88' lang='lat' dir='ltr'><strong>ost</strong></span> <span class='ocrx_word' id='word_1_240' title='bbox 1033 3097 1149 3157; x_wconf 87' lang='lat' dir='ltr'><strong>semper</strong></span> <span class='ocrx_word' id='word_1_241' title='bbox 1172 3096 1226 3156; x_wconf 90' lang='lat' dir='ltr'><strong>por</strong></span> <span class='ocrx_word' id='word_1_242' title='bbox 1240 3079 1288 3137; x_wconf 85' lang='lat' dir='ltr'><strong>di-</strong></span> 
     </span>
     <span class='ocr_line' id='line_1_30' title="bbox 219 3158 1289 3243; baseline 0.003 -27"><span class='ocrx_word' id='word_1_243' title='bbox 219 3177 308 3222; x_wconf 86' lang='lat' dir='ltr'><strong>rersas</strong></span> <span class='ocrx_word' id='word_1_244' title='bbox 331 3165 510 3224; x_wconf 86' lang='lat' dir='ltr'><strong>tentationes</strong></span> <span class='ocrx_word' id='word_1_245' title='bbox 528 3165 637 3243; x_wconf 84' lang='lat' dir='ltr'><strong>pietate</strong></span> <span class='ocrx_word' id='word_1_246' title='bbox 658 3171 806 3224; x_wconf 83' lang='lat' dir='ltr'><strong>surrento.</strong></span> <span class='ocrx_word' id='word_1_247' title='bbox 828 3163 892 3226; x_wconf 88' lang='lat' dir='ltr'><strong>Noli</strong></span> <span class='ocrx_word' id='word_1_248' title='bbox 917 3161 1010 3241; x_wconf 90' lang='lat' dir='ltr'><strong>igitur</strong></span> <span class='ocrx_word' id='word_1_249' title='bbox 1032 3179 1049 3219; x_wconf 91' lang='lat' dir='ltr'><strong>a</strong></span> <span class='ocrx_word' id='word_1_250' title='bbox 1071 3161 1195 3219; x_wconf 84' lang='lat' dir='ltr'><strong>veritate</strong></span> <span class='ocrx_word' id='word_1_251' title='bbox 1213 3158 1289 3219; x_wconf 86' lang='lat' dir='ltr'><strong>deli-</strong></span> 
     </span>
     <span class='ocr_line' id='line_1_31' title="bbox 216 3239 1288 3324; baseline 0.001 -23"><span class='ocrx_word' id='word_1_252' title='bbox 216 3241 287 3302; x_wconf 80' lang='lat' dir='ltr'><strong>tiens</strong></span> <span class='ocrx_word' id='word_1_253' title='bbox 300 3261 367 3304; x_wconf 90' lang='lat' dir='ltr'><strong>eam</strong></span> <span class='ocrx_word' id='word_1_254' title='bbox 381 3245 517 3322; x_wconf 89' lang='lat' dir='ltr'><strong>prodere.</strong></span> <span class='ocrx_word' id='word_1_255' title='bbox 533 3271 546 3298; x_wconf 78' lang='lat' dir='ltr'><strong>a</strong></span> <span class='ocrx_word' id='word_1_256' title='bbox 565 3246 674 3306; x_wconf 87' lang='lat' dir='ltr'><strong>Eadem</strong></span> <span class='ocrx_word' id='word_1_257' title='bbox 685 3245 804 3324; x_wconf 86' lang='lat' dir='ltr'><strong>querela</strong></span> <span class='ocrx_word' id='word_1_258' title='bbox 817 3245 874 3305; x_wconf 84' lang='lat' dir='ltr'><strong>suit</strong></span> <span class='ocrx_word' id='word_1_259' title='bbox 888 3244 967 3304; x_wconf 84' lang='lat' dir='ltr'><strong>Petri</strong></span> <span class='ocrx_word' id='word_1_260' title='bbox 981 3241 1130 3304; x_wconf 68' lang='lat' dir='ltr'><strong>abailardi</strong></span> <span class='ocrx_word' id='word_1_261' title='bbox 1148 3239 1288 3302; x_wconf 87' lang='lat' dir='ltr'><strong>adversus</strong></span> 
     </span>
     <span class='ocr_line' id='line_1_32' title="bbox 221 3321 1285 3406; baseline 0 -22"><span class='ocrx_word' id='word_1_262' title='bbox 221 3325 443 3386; x_wconf 66' lang='lat' dir='ltr'><strong>&amp;bernardum</strong></span> <span class='ocrx_word' id='word_1_263' title='bbox 459 3345 492 3386; x_wconf 89' lang='lat' dir='ltr'><strong>ao</strong></span> <span class='ocrx_word' id='word_1_264' title='bbox 508 3327 607 3387; x_wconf 89' lang='lat' dir='ltr'><strong>sedem</strong></span> <span class='ocrx_word' id='word_1_265' title='bbox 624 3327 799 3406; x_wconf 80' lang='lat' dir='ltr'><strong>Apostolio.‚</strong></span> <span class='ocrx_word' id='word_1_266' title='bbox 822 3333 852 3386; x_wconf 87' lang='lat' dir='ltr'><strong>et</strong></span> <span class='ocrx_word' id='word_1_267' title='bbox 871 3324 973 3387; x_wconf 87' lang='lat' dir='ltr'><strong>eadem</strong></span> <span class='ocrx_word' id='word_1_268' title='bbox 992 3323 1103 3385; x_wconf 79' lang='lat' dir='ltr'><strong>Caluini</strong></span> <span class='ocrx_word' id='word_1_269' title='bbox 1117 3323 1150 3383; x_wconf 87' lang='lat' dir='ltr'><strong>r&#39;n</strong></span> <span class='ocrx_word' id='word_1_270' title='bbox 1166 3321 1285 3404; x_wconf 74' lang='lat' dir='ltr'><strong>praefat.</strong></span> 
     </span>
     <span class='ocr_line' id='line_1_33' title="bbox 218 3405 1289 3483; baseline 0.004 -21"><span class='ocrx_word' id='word_1_271' title='bbox 218 3405 339 3469; x_wconf 84' lang='lat' dir='ltr'><strong>antidot.</strong></span> <span class='ocrx_word' id='word_1_272' title='bbox 364 3407 502 3468; x_wconf 84' lang='lat' dir='ltr'><strong>advorsus</strong></span> <span class='ocrx_word' id='word_1_273' title='bbox 518 3409 674 3468; x_wconf 90' lang='lat' dir='ltr'><strong>oonoilium</strong></span> <span class='ocrx_word' id='word_1_274' title='bbox 689 3408 910 3470; x_wconf 87' lang='lat' dir='ltr'><strong>Tridentiuum.</strong></span> <span class='ocrx_word' id='word_1_275' title='bbox 934 3410 1075 3469; x_wconf 87' lang='lat' dir='ltr'><strong>Veterum</strong></span> <span class='ocrx_word' id='word_1_276' title='bbox 1094 3405 1243 3483; x_wconf 88' lang='lat' dir='ltr'><strong>querelam</strong></span> <span class='ocrx_word' id='word_1_277' title='bbox 1259 3415 1289 3466; x_wconf 89' lang='lat' dir='ltr'><strong>et</strong></span> 
     </span>
     <span class='ocr_line' id='line_1_34' title="bbox 219 3485 1287 3572; baseline 0 -24"><span class='ocrx_word' id='word_1_278' title='bbox 219 3501 342 3549; x_wconf 80' lang='lat' dir='ltr'><strong>ermrem</strong></span> <span class='ocrx_word' id='word_1_279' title='bbox 372 3488 577 3550; x_wconf 72' lang='lat' dir='ltr'><strong>hereticorum</strong></span> <span class='ocrx_word' id='word_1_280' title='bbox 600 3491 757 3572; x_wconf 82' lang='lat' dir='ltr'><strong>integravit</strong></span> <span class='ocrx_word' id='word_1_281' title='bbox 782 3489 956 3566; x_wconf 89' lang='lat' dir='ltr'><strong>Quosnellus</strong></span> <span class='ocrx_word' id='word_1_282' title='bbox 978 3506 1065 3570; x_wconf 89' lang='lat' dir='ltr'><strong>prop.</strong></span> <span class='ocrx_word' id='word_1_283' title='bbox 1094 3489 1134 3547; x_wconf 83' lang='lat' dir='ltr'><strong>oo</strong></span> <span class='ocrx_word' id='word_1_284' title='bbox 1157 3485 1198 3548; x_wconf 85' lang='lat' dir='ltr'><strong>od</strong></span> <span class='ocrx_word' id='word_1_285' title='bbox 1211 3490 1287 3562; x_wconf 84' lang='lat' dir='ltr'><strong>lbb,</strong></span> 
     </span>
     <span class='ocr_line' id='line_1_35' title="bbox 217 3569 1288 3654; baseline 0.001 -26"><span class='ocrx_word' id='word_1_286' title='bbox 217 3585 297 3644; x_wconf 85' lang='lat' dir='ltr'><strong>quem</strong></span> <span class='ocrx_word' id='word_1_287' title='bbox 309 3571 446 3648; x_wconf 89' lang='lat' dir='ltr'><strong>sequitur</strong></span> <span class='ocrx_word' id='word_1_288' title='bbox 456 3574 489 3632; x_wconf 86' lang='lat' dir='ltr'><strong>P.</strong></span> <span class='ocrx_word' id='word_1_289' title='bbox 504 3571 636 3632; x_wconf 85' lang='lat' dir='ltr'><strong>Laborde</strong></span> <span class='ocrx_word' id='word_1_290' title='bbox 648 3571 830 3654; x_wconf 76' lang='lat' dir='ltr'><strong>temoipnape</strong></span> <span class='ocrx_word' id='word_1_291' title='bbox 841 3570 876 3632; x_wconf 85' lang='lat' dir='ltr'><strong>de</strong></span> <span class='ocrx_word' id='word_1_292' title='bbox 888 3569 920 3631; x_wconf 86' lang='lat' dir='ltr'><strong>lo</strong></span> <span class='ocrx_word' id='word_1_293' title='bbox 929 3569 1029 3631; x_wconf 78' lang='lat' dir='ltr'><strong>odritd.</strong></span> <span class='ocrx_word' id='word_1_294' title='bbox 1046 3571 1174 3631; x_wconf 86' lang='lat' dir='ltr'><strong>Omnino</strong></span> <span class='ocrx_word' id='word_1_295' title='bbox 1187 3579 1288 3629; x_wconf 91' lang='lat' dir='ltr'><strong>oontra</strong></span> 
     </span>
     <span class='ocr_line' id='line_1_36' title="bbox 217 3653 1284 3730; baseline 0.004 -23"><span class='ocrx_word' id='word_1_296' title='bbox 217 3665 328 3712; x_wconf 88' lang='lat' dir='ltr'><strong>omnem</strong></span> <span class='ocrx_word' id='word_1_297' title='bbox 357 3653 419 3712; x_wconf 84' lang='lat' dir='ltr'><strong>veri</strong></span> <span class='ocrx_word' id='word_1_298' title='bbox 442 3653 584 3730; x_wconf 86' lang='lat' dir='ltr'><strong>speeiem,</strong></span> <span class='ocrx_word' id='word_1_299' title='bbox 599 3662 629 3714; x_wconf 89' lang='lat' dir='ltr'><strong>et</strong></span> <span class='ocrx_word' id='word_1_300' title='bbox 650 3660 752 3714; x_wconf 84' lang='lat' dir='ltr'><strong>eontra</strong></span> <span class='ocrx_word' id='word_1_301' title='bbox 771 3653 904 3715; x_wconf 89' lang='lat' dir='ltr'><strong>omnium</strong></span> <span class='ocrx_word' id='word_1_302' title='bbox 929 3655 1050 3713; x_wconf 82' lang='lat' dir='ltr'><strong>Petrum</strong></span> <span class='ocrx_word' id='word_1_303' title='bbox 1070 3653 1284 3712; x_wconf 82' lang='lat' dir='ltr'><strong>auctoritatem.</strong></span> 
     </span>
     <span class='ocr_line' id='line_1_37' title="bbox 218 3731 1289 3814; baseline 0.001 -23"><span class='ocrx_word' id='word_1_304' title='bbox 218 3731 283 3805; x_wconf 83' lang='lat' dir='ltr'><strong>Quis</strong></span> <span class='ocrx_word' id='word_1_305' title='bbox 300 3734 383 3793; x_wconf 90' lang='lat' dir='ltr'><strong>enim</strong></span> <span class='ocrx_word' id='word_1_306' title='bbox 403 3743 504 3812; x_wconf 87' lang='lat' dir='ltr'><strong>eaput,</strong></span> <span class='ocrx_word' id='word_1_307' title='bbox 526 3743 556 3795; x_wconf 88' lang='lat' dir='ltr'><strong>et</strong></span> <span class='ocrx_word' id='word_1_308' title='bbox 576 3743 687 3814; x_wconf 92' lang='lat' dir='ltr'><strong>partem</strong></span> <span class='ocrx_word' id='word_1_309' title='bbox 707 3735 769 3794; x_wconf 86' lang='lat' dir='ltr'><strong>lere</strong></span> <span class='ocrx_word' id='word_1_310' title='bbox 793 3743 885 3794; x_wconf 89' lang='lat' dir='ltr'><strong>totam</strong></span> <span class='ocrx_word' id='word_1_311' title='bbox 905 3733 1051 3810; x_wconf 80' lang='lat' dir='ltr'><strong>eoolesioe,</strong></span> <span class='ocrx_word' id='word_1_312' title='bbox 1077 3735 1124 3794; x_wconf 90' lang='lat' dir='ltr'><strong>oui</strong></span> <span class='ocrx_word' id='word_1_313' title='bbox 1153 3732 1289 3795; x_wconf 85' lang='lat' dir='ltr'><strong>cbristus</strong></span> 
     </span>
     <span class='ocr_line' id='line_1_38' title="bbox 217 3815 1287 3895; baseline 0.003 -24"><span class='ocrx_word' id='word_1_314' title='bbox 217 3829 327 3893; x_wconf 85' lang='lat' dir='ltr'><strong>semper</strong></span> <span class='ocrx_word' id='word_1_315' title='bbox 354 3833 386 3875; x_wconf 88' lang='lat' dir='ltr'><strong>se</strong></span> <span class='ocrx_word' id='word_1_316' title='bbox 411 3817 582 3876; x_wconf 90' lang='lat' dir='ltr'><strong>adiuturum</strong></span> <span class='ocrx_word' id='word_1_317' title='bbox 609 3815 758 3895; x_wconf 86' lang='lat' dir='ltr'><strong>pmmisit,</strong></span> <span class='ocrx_word' id='word_1_318' title='bbox 787 3817 941 3875; x_wconf 83' lang='lat' dir='ltr'><strong>veritatem</strong></span> <span class='ocrx_word' id='word_1_319' title='bbox 970 3817 1001 3875; x_wconf 90' lang='lat' dir='ltr'><strong>ia</strong></span> <span class='ocrx_word' id='word_1_320' title='bbox 1032 3834 1091 3875; x_wconf 88' lang='lat' dir='ltr'><strong>uno</strong></span> <span class='ocrx_word' id='word_1_321' title='bbox 1122 3823 1174 3874; x_wconf 91' lang='lat' dir='ltr'><strong>aut</strong></span> <span class='ocrx_word' id='word_1_322' title='bbox 1194 3815 1287 3875; x_wconf 90' lang='lat' dir='ltr'><strong>altero</strong></span> 
     </span>
     <span class='ocr_line' id='line_1_39' title="bbox 217 3896 1287 3976; baseline 0.001 -24"><span class='ocrx_word' id='word_1_323' title='bbox 217 3896 346 3957; x_wconf 91' lang='lat' dir='ltr'><strong>membro</strong></span> <span class='ocrx_word' id='word_1_324' title='bbox 363 3897 462 3974; x_wconf 83' lang='lat' dir='ltr'><strong>sitam,</strong></span> <span class='ocrx_word' id='word_1_325' title='bbox 480 3898 649 3976; x_wconf 90' lang='lat' dir='ltr'><strong>opprimere</strong></span> <span class='ocrx_word' id='word_1_326' title='bbox 661 3915 745 3975; x_wconf 89' lang='lat' dir='ltr'><strong>posse</strong></span> <span class='ocrx_word' id='word_1_327' title='bbox 766 3896 980 3958; x_wconf 85' lang='lat' dir='ltr'><strong>arbitrabitur?</strong></span> <span class='ocrx_word' id='word_1_328' title='bbox 1006 3923 1018 3949; x_wconf 80' lang='lat' dir='ltr'><strong>a</strong></span> <span class='ocrx_word' id='word_1_329' title='bbox 1030 3900 1136 3958; x_wconf 85' lang='lat' dir='ltr'><strong>Contra</strong></span> <span class='ocrx_word' id='word_1_330' title='bbox 1152 3897 1287 3957; x_wconf 85' lang='lat' dir='ltr'><strong>Divinam</strong></span> 
     </span>
     <span class='ocr_line' id='line_1_40' title="bbox 216 3974 1285 4060; baseline 0.001 -27"><span class='ocrx_word' id='word_1_331' title='bbox 216 3974 324 4055; x_wconf 84' lang='lat' dir='ltr'><strong>legem,</strong></span> <span class='ocrx_word' id='word_1_332' title='bbox 345 3977 443 4056; x_wconf 89' lang='lat' dir='ltr'><strong>iuquit</strong></span> <span class='ocrx_word' id='word_1_333' title='bbox 462 3979 596 4040; x_wconf 88' lang='lat' dir='ltr'><strong>biberius</strong></span> <span class='ocrx_word' id='word_1_334' title='bbox 617 3981 649 4039; x_wconf 82' lang='lat' dir='ltr'><strong>P.</strong></span> <span class='ocrx_word' id='word_1_335' title='bbox 670 3978 756 4060; x_wconf 81' lang='lat' dir='ltr'><strong>epist.</strong></span> <span class='ocrx_word' id='word_1_336' title='bbox 776 3983 795 4040; x_wconf 99' lang='grc'><strong>4</strong></span> <span class='ocrx_word' id='word_1_337' title='bbox 815 3977 854 4039; x_wconf 85' lang='lat' dir='ltr'><strong>od</strong></span> <span class='ocrx_word' id='word_1_338' title='bbox 872 3978 1092 4053; x_wconf 81' lang='lat' dir='ltr'><strong>Constantium,</strong></span> <span class='ocrx_word' id='word_1_339' title='bbox 1117 3976 1195 4055; x_wconf 89' lang='lat' dir='ltr'><strong>apud</strong></span> <span class='ocrx_word' id='word_1_340' title='bbox 1209 3979 1285 4036; x_wconf 85' lang='lat' dir='ltr'><strong>Cau·</strong></span> 
     </span>
     <span class='ocr_line' id='line_1_41' title="bbox 215 4057 1287 4142; baseline -0.001 -28"><span class='ocrx_word' id='word_1_341' title='bbox 215 4059 353 4119; x_wconf 86' lang='lat' dir='ltr'><strong>stantium</strong></span> <span class='ocrx_word' id='word_1_342' title='bbox 378 4059 463 4140; x_wconf 84' lang='lat' dir='ltr'><strong>epist.</strong></span> <span class='ocrx_word' id='word_1_343' title='bbox 487 4061 573 4120; x_wconf 83' lang='lat' dir='ltr'><strong>Rom.</strong></span> <span class='ocrx_word' id='word_1_344' title='bbox 599 4058 736 4142; x_wconf 78' lang='lat' dir='ltr'><strong>Pontifio.</strong></span> <span class='ocrx_word' id='word_1_345' title='bbox 756 4057 812 4121; x_wconf 86' lang='lat' dir='ltr'><strong>ool.</strong></span> <span class='ocrx_word' id='word_1_346' title='bbox 832 4061 910 4136; x_wconf 69' lang='grc'><strong>494,</strong></span> <span class='ocrx_word' id='word_1_347' title='bbox 926 4061 1021 4119; x_wconf 85' lang='lat' dir='ltr'><strong>risum</strong></span> <span class='ocrx_word' id='word_1_348' title='bbox 1044 4067 1104 4132; x_wconf 86' lang='lat' dir='ltr'><strong>est,</strong></span> <span class='ocrx_word' id='word_1_349' title='bbox 1129 4061 1287 4132; x_wconf 82' lang='lat' dir='ltr'><strong>cumopis-</strong></span> 
     </span>
     <span class='ocr_line' id='line_1_42' title="bbox 212 4133 1286 4220; baseline -0.004 -24"><span class='ocrx_word' id='word_1_350' title='bbox 212 4157 349 4216; x_wconf 83' lang='lat' dir='ltr'><strong>raporum</strong></span> <span class='ocrx_word' id='word_1_351' title='bbox 370 4159 511 4200; x_wconf 89' lang='lat' dir='ltr'><strong>numerus</strong></span> <span class='ocrx_word' id='word_1_352' title='bbox 534 4161 588 4220; x_wconf 89' lang='lat' dir='ltr'><strong>pro</strong></span> <span class='ocrx_word' id='word_1_353' title='bbox 612 4142 769 4203; x_wconf 80' lang='lat' dir='ltr'><strong>Athanasio</strong></span> <span class='ocrx_word' id='word_1_354' title='bbox 795 4141 887 4218; x_wconf 83' lang='lat' dir='ltr'><strong>major</strong></span> <span class='ocrx_word' id='word_1_355' title='bbox 906 4142 1060 4213; x_wconf 84' lang='lat' dir='ltr'><strong>existeret,</strong></span> <span class='ocrx_word' id='word_1_356' title='bbox 1081 4140 1111 4198; x_wconf 91' lang='lat' dir='ltr'><strong>in</strong></span> <span class='ocrx_word' id='word_1_357' title='bbox 1126 4145 1209 4215; x_wconf 90' lang='lat' dir='ltr'><strong>parto</strong></span> <span class='ocrx_word' id='word_1_358' title='bbox 1231 4133 1286 4193; x_wconf 90' lang='lat' dir='ltr'><strong>ali-</strong></span> 
     </span>
     <span class='ocr_line' id='line_1_43' title="bbox 215 4216 1287 4302; baseline -0.005 -23"><span class='ocrx_word' id='word_1_359' title='bbox 215 4237 267 4295; x_wconf 89' lang='lat' dir='ltr'><strong>qua</strong></span> <span class='ocrx_word' id='word_1_360' title='bbox 278 4221 469 4283; x_wconf 79' lang='lat' dir='ltr'><strong>commodare</strong></span> <span class='ocrx_word' id='word_1_361' title='bbox 480 4241 668 4299; x_wconf 66' lang='lat' dir='ltr'><strong>eonsensum</strong></span> <span class='ocrx_word' id='word_1_362' title='bbox 683 4249 696 4278; x_wconf 79' lang='lat' dir='ltr'><strong>a</strong></span> <span class='ocrx_word' id='word_1_363' title='bbox 715 4225 835 4302; x_wconf 87' lang='lat' dir='ltr'><strong>ipsoque</strong></span> <span class='ocrx_word' id='word_1_364' title='bbox 846 4221 1022 4284; x_wconf 83' lang='lat' dir='ltr'><strong>Athanasius</strong></span> <span class='ocrx_word' id='word_1_365' title='bbox 1042 4237 1088 4300; x_wconf 82' lang='lat' dir='ltr'><strong>ep.</strong></span> <span class='ocrx_word' id='word_1_366' title='bbox 1111 4217 1152 4278; x_wconf 86' lang='lat' dir='ltr'><strong>ad</strong></span> <span class='ocrx_word' id='word_1_367' title='bbox 1165 4216 1287 4276; x_wconf 76' lang='lat' dir='ltr'><strong>lavian.</strong></span> 
     </span>
    </p>
   </div>
   <div class='ocr_carea' id='block_1_3' title="bbox 0 0 1792 5625">
    <p class='ocr_par' dir='ltr' id='par_1_4' title="bbox 0 0 1792 5625">
     <span class='ocr_line' id='line_1_44' title="bbox 0 0 1792 5625; baseline 0 1"><span class='ocrx_word' id='word_1_368' title='bbox 0 0 1792 5625; x_wconf 95' lang='lat' dir='ltr'><strong> </strong></span> 
     </span>
    </p>
   </div>
  </div>
 </body>
</html>
