3575 5625
931 663 1152 736 -176-

504 816 840 911 consuetudinemque
874 811 993 885 deduci
1024 812 1093 909 (i).
1132 813 1202 884 lmo
1234 814 1361 908 grunius
1385 829 1453 902 est,
1481 814 1563 911 qnod

501 944 540 989 er
574 917 680 1014 pravis
711 912 817 1001 libris,
861 936 961 1007 quam
995 910 1086 1009 qued
1121 936 1162 981 ex
1191 936 1291 1008 prere
1324 936 1473 982 sermone
1492 914 1563 983 6661·

503 1017 631 1113 pimus,
660 1012 909 1082 detrimentum.
939 1008 1025 1082 Nem
1053 1034 1130 1107 ques
1155 1010 1296 1105 legimus
1326 1008 1440 1099 611166,
1473 1034 1562 1107 quam

528 1134 578 1183 uae
614 1108 782 1206 loquendo
820 1106 1026 1199 audirimus,
1051 1106 1179 1179 herent
1215 1109 1371 1204 impresse
1404 1108 1510 1181 anime
1533 1121 1562 1176 et

473 1290 476 1297 Ι
503 1140 670 1281 difficilius
690 1232 710 1277 e
734 1207 890 1278 memoria
915 1202 1104 1277 eiuhuntur.

543 1379 586 1460 (1)
608 1379 755 1441 Adversus
780 1378 901 1440 velitem
929 1393 1088 1457 pravorum
1118 1375 1264 1439 librorum
1299 1376 1456 1437 lectionem
1481 1376 1562 1437 mults

501 1462 644 1542 scripsere
662 1466 872 1539 protestantes,
895 1458 1004 1536 aliique
1030 1457 1221 1539 eempiures,
1236 1456 1342 1536 quibus
1366 1458 1447 1517 66116
1471 1457 1563 1539 religio

502 1552 562 1619 est,
577 1543 688 1623 quique
708 1558 786 1621 segre
808 1541 926 1617 terunt,
940 1538 1065 1620 eripies
1090 1538 1227 1600 menibus
1247 1538 1402 1599 homiuum
1424 1534 1528 1615 libres,
1548 1559 1562 1599 a

501 1625 609 1705 quibus
622 1624 676 1703 ipsi
692 1624 722 1683 in
735 1639 867 1684 errorem
880 1620 1066 1683 dederentur
1078 1638 1240 1699 eommque
1254 1638 1351 1681 mores
1363 1621 1562 1700 depraventur.

502 1706 627 1771 taeehus
639 1704 813 1767 Laurentius
823 1723 872 1765 en.
892 1705 988 1779 1719,
1009 1702 1220 1766 Amsteiedemi
1231 1703 1468 1765 dissertationem
1480 1702 1564 1764 edidit

503 1788 540 1850 66
556 1784 728 1871 pentilium,
749 1784 943 1862 luderemus,
971 1786 1153 1861 Turturum,
1178 1786 1324 1855 Petrum,
1348 1782 1563 1867 Pontifin‘erore

503 1867 682 1945 tolerandis,
696 1866 929 1949 protestantium
944 1885 1012 1928 eere
1022 1863 1227 1949 prehdrendie.
1252 1866 1356 1927 Daniel
1378 1870 1505 1929 Frsnem
1516 1864 1564 1926 enh

503 1950 655 2029 discipline
676 1948 775 2011 teeebi
796 1947 946 2011 Themrsii
969 1967 1019 2010 nn.
1044 1950 1140 2025 1666,
1166 1945 1403 2009 exercitationem
1429 1946 1563 2029 eruperit

501 2032 540 2101 66
565 2028 711 2094 indicibus
735 2028 930 2111 nonistorum
957 2029 1192 2113 erpurpoteriis,
1228 2047 1315 2109 66666
1346 2028 1431 2089 ratde
1460 2038 1562 2089 anetem

502 2134 553 2175 nn.
569 2114 664 2186 teet,
678 2112 787 2171 iterum
808 2109 904 2172 edidit
916 2111 1020 2189 Lipsie-
1032 2131 1101 2173 eum
1111 2112 1198 2173 tituto
1210 2110 1390 2194 Diepuisitie
1403 2109 1563 2172 6666666166

503 2195 540 2257 66
562 2192 755 2276 6666166666
771 2190 921 2254 indieihue
941 2190 1088 2255 ishrerum
1106 2190 1323 2275 prohibitorum
1347 2202 1376 2253 et
1395 2199 1563 2275 erpurpete

503 2277 636 2350 riorum,
658 2274 691 2334 in
713 2292 775 2355 que
800 2271 835 2335 da
851 2292 992 2351 nuesere,
1015 2272 1385 2351 6661661666666661666,
1412 2272 1562 2337 contentis.

502 2357 606 2439 lineet
620 2354 693 2436 jure
704 2352 841 2415 indicum
854 2352 977 2416 illerum
990 2353 1158 2418 disseritur.
1182 2358 1215 2417 tn
1228 2356 1331 2417 eedem
1345 2356 1509 2435 reperienti
1521 2372 1565 2435 ge-

503 2456 575 2501 nere
596 2436 786 2497 66666116661
807 2436 975 2496 1166666666
988 2439 1055 2499 Ven
1075 2437 1208 2512 Senden,
1231 2437 1314 2515 eujus
1325 2445 1370 2499 est
1395 2436 1565 2498 Exercitatio

505 2516 664 2600 theeiepieu
676 2515 712 2577 66
726 2513 874 2579 indicibus
895 2514 1040 2580 librorum
1058 2515 1262 2600 prohihiteriie
1282 2518 1366 2601 opud
1383 2516 1564 2600 Pontifices,

505 2605 594 2664 lenas
607 2600 757 2661 conradus
771 2596 942 2669 schramm,
958 2619 975 2659 e
989 2617 1049 2678 que
1063 2599 1142 2659 edita
1155 2608 1200 2659 est
1212 2600 1372 2680 disputatio
1384 2597 1564 2661 detererem

561 2678 723 2742 hihiterum
744 2676 907 2757 indiethue,
933 2678 1010 2741 horu
1125 2677 1257 2742 utilitate
1283 2688 1312 2742 et
1336 2679 1450 2756 aeno,
1474 2683 1565 2742 iustus

535 2762 692 2844 eustogius
715 2760 911 2856 Beehnterus,
934 2762 1017 2843 enjus
1063 2760 1359 2859 ’6666116661666
1382 2758 1565 2858 6666161666

505 2841 679 2988 ‘'”tttttt
694 2841 949 2988 1111211161·
970 2839 1250 2986 ’11111111
1272 2844 1566 2988 ‘'stit'tttt

503 2927 566 3070 iiie
580 3007 655 3069 tert
667 2943 898 3068 66616116666681.
919 2971 942 3068 t'
971 3003 1011 3067 e.
1033 3007 1114 3067 erte.
1133 2944 1320 3068 ththriiet
1337 3004 1363 3088 s.
1383 3009 1423 3067 ot
1439 3005 1481 3067 61
1499 3008 1564 3077 tan

505 3089 735 3167 christophorus
759 3087 991 3170 Sehoettgenius,
1013 3088 1064 3167 qui
1087 3087 1207 3150 Dresdn
1230 3088 1296 3149 erui
1334 3090 1379 3148 vit
1396 3095 1565 3150 6666666616-

505 3171 566 3233 ries
579 3172 726 3250 quinque,
752 3189 878 3248 querum
901 3179 962 3232 tres
975 3176 1045 3230 sunt
1058 3167 1095 3231 de
1105 3167 1264 3310 puditihus
1283 3167 1295 3230 1
1322 3188 1430 3231 rerum
1445 3166 1566 3252 prothi·

506 3261 606 3312 terum
619 3261 647 3312 et
660 3249 942 3343 enpurpenderum
964 3259 1086 3329 quartus
1126 3270 1141 3310 e
1154 3251 1248 3314 66616
1264 3248 1438 3329 litterariis,
1457 3251 1565 3330 quintus

504 3331 540 3392 de
563 3331 655 3392 neeir
675 3328 804 3410 petineis
825 3330 960 3394 indieuet
980 3328 1200 3412 prohihiterum
1221 3343 1250 3394 et
1357 3333 1563 3415 rpeterierun,
1647 3406 1648 3409 Ἴ

503 3419 647 3554 preterea
672 3419 827 3472 tractatum
843 3410 879 3473 66
905 3413 1117 3493 erpurpetiene
1135 3413 1295 3497 Pontificio
1320 3411 1455 3476 ihrernm
1471 3407 1566 3495 prehi-
1647 3412 1648 3439 1

521 3500 645 3552 storum.
665 3495 715 3551 Est
739 3493 827 3552 etism
844 3493 966 3554 rimoldi
990 3511 1079 3572 epus,
1097 3493 1176 3573 quod
1196 3512 1273 3555 anne
1293 3496 1369 3555 1771
1396 3496 1429 3555 in
1445 3493 1566 3558 ltaiieum

503 3589 668 3634 sermenem
688 3589 860 3633 conversum
875 3573 1009 3638 venetiis
1022 3575 1131 3653 prodiit
1155 3572 1230 3636 delle
1244 3573 1431 3637 Preehizieni
1442 3574 1477 3636 66
1493 3571 1564 3635 tert.

503 3657 537 3716 in
548 3652 652 3714 eedem
667 3652 729 3712 1616
742 3651 880 3714 hesitant
891 3655 1064 3732 Veltsirius,
1080 3664 1180 3718 aurtm
1191 3656 1356 3718 littererum
1369 3657 1564 3726 Judsieuum,

503 3736 634 3812 itemque
645 3741 747 3796 euetm
759 3734 864 3807 libelli,
876 3737 925 3797 eui
939 3735 1041 3797 titulus
1050 3737 1156 3800 :Emi
1167 3755 1222 3800 sur
1235 3736 1267 3800 16
1277 3735 1379 3800 1116611
1388 3737 1428 3799 66
1510 3735 1567 3800 sire

503 3834 549 3878 666
575 3815 750 3893 sentiment,
774 3815 882 3896 eliique
907 3816 1032 3892 similes,
1061 3819 1112 3896 qui
1136 3819 1247 3882 bellum
1270 3820 1406 3900 religioni
1473 3818 1567 3896 nsque

502 3898 634 3961 moribus
649 3896 830 3963 indixerunt.
855 3899 989 3961 Eedesioe
1006 3908 1181 3978 potestatem
1203 3901 1319 3962 retundi
1337 3901 1493 3965 tectionem
1512 3915 1569 3976 pra·

501 4000 606 4042 rerum
621 3979 781 4050 librorum,
805 3988 915 4058 praeter
929 3980 1003 4042 dues
1022 3989 1216 4060 protestantes
1237 3983 1389 4044 Danielem
1407 3982 1566 4044 (helbertum

501 4059 900 4136 61166666661166661661,
922 4065 954 4127 in
975 4061 1132 4123 discrimen
1148 4081 1285 4124 revenere
1305 4065 1367 4125 ausi
1387 4059 1568 4125 suntPsutue

502 4145 638 4223 Surpius,
661 4141 839 4219 Fehreuius,
863 4153 893 4204 61
911 4144 1009 4224 pruris
1026 4145 1064 4203 eh
1083 4144 1153 4205 hine
1170 4146 1255 4204 annis
1274 4146 1414 4206 Camillus
1432 4147 1570 4228 ltmettus

502 4228 674 4288 tnteoessor
688 4223 861 4304 Patruinus,
879 4227 962 4312 euius
972 4243 1022 4288 66.
1040 4227 1119 4288 1767
1135 4228 1266 4288 Venetiis
1279 4223 1352 4289 editi
1363 4225 1567 4288 1666666661·
