3575 5625
921 685 1117 756 ...70-

483 837 560 981 ff
580 837 684 900 Trium
709 841 823 896 tantum
838 833 1003 896 edictorum
1026 831 1139 894 mentio
1161 832 1257 926 est-in
1277 829 1428 925 7155ίῖ.
1453 829 1489 893 de
1511 831 1558 892 Re

470 940 486 1003 y
532 938 589 994 en,
612 927 642 978 et
663 917 745 997 apud
763 915 885 978 Paulum
908 919 1026 997 Recept.
1053 922 1179 978 sentent.
1195 911 1246 976 ht.
1269 917 1287 975 5
1311 921 1358 975 tet.
1376 916 1394 975 5
1409 931 1495 974 num.
1520 914 1558 989 7,

477 1001 622 1061 sutrium
643 999 714 1059 item
739 997 1013 1072 denuntiationum,
1032 1005 1083 1056 aut
1105 997 1272 1057 litterarum
1294 997 1326 1056 in
1352 997 1421 1077 Lep.
1445 997 1464 1054 8
1489 992 1559 1056 cod.

479 1079 624 1160 Quornod.
644 1088 671 1140 et
690 1077 805 1162 quand.
810 1076 916 1222 pudes
933 1087 1046 1141 accur.
1063 1081 1161 1155 Quare
1188 1077 1299 1138 mirum
1313 1085 1373 1152 est,
1398 1077 1562 1155 Ulpianum

477 1164 509 1224 in
530 1164 565 1225 t.
590 1163 630 1224 70
650 1159 689 1256 ff.
709 1158 744 1221 de
764 1162 808 1221 lc
832 1161 868 1222 ic.
892 1161 1028 1236 tradere,
1050 1168 1115 1238 post
1137 1160 1260 1220 tertium
1284 1156 1405 1219 demum
1426 1157 1562 1218 edictum

477 1253 708 1324 peremptorium
724 1241 831 1302 emitti.
853 1241 1002 1306 Gerendus
1024 1241 1168 1303 Noodtius
1183 1238 1304 1303 observ.
1327 1238 1378 1302 tit.
1397 1242 1410 1301 l
1432 1257 1501 1320 cup.
1519 1240 1560 1309 8,

477 1326 518 1388 ita
535 1325 619 1387 illum
634 1324 750 1404 Ulpiani
764 1323 861 1384 locum
878 1321 1037 1404 legendum
1051 1330 1156 1402 putate
1186 1321 1331 1399 «Quibus
1350 1321 1508 1402 propositis
1528 1329 1563 1382 et

477 1408 599 1470 tertium
621 1414 692 1468 tunc
707 1405 939 1485 peremptorium
961 1406 1111 1484 impetret.
1136 1430 1151 1459 s
1174 1407 1236 1484 ligo
1254 1404 1286 1464 in
1300 1403 1364 1484 ejus
1380 1402 1563 1464 seutentiam

476 1489 561 1552 facile
575 1486 738 1560 descendo,
752 1504 848 1566 neque
862 1487 900 1548 de
919 1505 953 1548 ea
967 1486 1119 1548 dimoreor
1133 1485 1192 1546 illis
1210 1485 1343 1566 ejusdem
1358 1483 1475 1564 Ulpiani
1492 1501 1563 1545 rer·

478 1571 539 1642 his,
559 1569 666 1650 quihus
686 1567 814 1630 dimotus
838 1571 868 1630 et
886 1568 1032 1630 Antonius
1047 1567 1227 1649 Scultingius
1240 1567 1274 1628 in
1293 1564 1429 1629 Paulum
1448 1573 1560 1648 recept.

477 1661 601 1716 ament.
618 1649 669 1712 lib.
685 1652 702 1711 5
718 1649 764 1710 tit.
783 1653 879 1712 tuot.
896 1652 936 1712 52
950 1650 1085 1730 Jun'spr.
1100 1657 1158 1711 oet.
1175 1647 1432 1790 Anteip'cstinicn.
1446 1666 1480 1729 p.
1496 1649 1563 1710 tto

478 1732 526 1796 ed.
541 1733 650 1816 Lepsice
665 1733 756 1795 1757.
772 1734 847 1794 Sunt
858 1739 959 1794 autem
969 1731 1060 1794 verba
1074 1731 1190 1811 Ulpiani
1201 1729 1235 1792 in
1278 1729 1390 1814 ·⁷²ff·
1405 1726 1559 1791 deludic.

479 1815 599 1880 omniuo
614 1813 693 1876 hnc:
717 1812 1432 1893 ollonnunqunmhocedictumpcsttotnumero
1444 1811 1561 1887 edicta,

479 1916 545 1978 qun
561 1896 779 1976 precesserint,
795 1895 899 1966 datur,
920 1914 1132 1973 nonnunquam
1150 1901 1216 1973 post
1237 1912 1331 1956 onum
1343 1895 1391 1955 rel
1414 1892 1560 1968 alterum,

479 1996 692 2056 nonnunquam
708 1977 823 2052 statim,
839 1974 919 2056 quod
939 1977 1103 2057 appellatur
1118 1994 1211 2038 unum
1225 1994 1279 2055 pro
1293 1975 1442 2037 omnihus.
1464 1999 1478 2028 a
1506 1974 1564 2036 llic

479 2057 600 2138 quidem
624 2057 764 2136 Ulpianus
785 2059 874 2118 etiam
896 2066 962 2136 post
986 2059 1043 2120 tria
1061 2058 1156 2119 edicta
1177 2055 1309 2138 denique
1326 2055 1563 2137 peremptorium

480 2140 544 2200 dari
559 2139 674 2214 statuit,
693 2138 745 2199 scd
768 2138 901 2216 loquitur
918 2158 977 2200 uon
996 2139 1035 2201 de
1053 2140 1203 2201 ordinaria
1221 2149 1252 2200 et
1268 2140 1375 2201 usitata
1392 2138 1562 2200 edictorum

479 2220 635 2295 methodo,
659 2239 725 2298 quse
749 2221 844 2282 tribus
863 2228 979 2282 tantum
1004 2221 1108 2284 edictis
1136 2229 1250 2283 mnstat
1273 2229 1304 2282 et
1327 2239 1415 2300 quam
1439 2219 1564 2300 respicit

480 2303 515 2363 t.
541 2304 596 2379 ⁷03
620 2319 722 2362 verum
741 2303 802 2382 agit
820 2297 857 2364 dc
870 2301 994 2366 arbitrio
1008 2303 1133 2383 judicis,
1151 2301 1232 2382 quod
1247 2311 1330 2364 extra
1347 2302 1483 2364 ordinem
1499 2308 1559 2362 est.

480 2386 570 2460 Nem,
592 2391 625 2444 ut
639 2383 701 2462 ipsc
721 2383 818 2461 iuquit
839 2385 994 2464 Ulpianus,
1016 2393 1112 2448 totum
1129 2383 1186 2446 hoc
1205 2386 1356 2466 negotium
1374 2408 1387 2438 α
1403 2383 1572 2446 AEstimure.

481 2474 596 2545 oportet
614 2483 698 2539 eum,
724 2465 776 2542 qui
791 2464 841 2544 jus
860 2467 936 2528 dixit
957 2475 987 2528 et
1005 2485 1060 2546 pro
1083 2465 1253 2528 conditione
1280 2485 1392 2536 causae,
1419 2464 1466 2524 vel
1489 2482 1563 2543 pcr-

481 2565 578 2623 souoe,
600 2547 646 2606 vel
660 2546 816 2626 temporis,
834 2547 874 2608 ita
890 2547 1025 2610 ordinem
1043 2547 1208 2609 edictorum
1225 2554 1256 2608 et
1269 2545 1477 2627 compendium
1494 2564 1565 2606 mo-

482 2628 591 2688 derari.
606 2653 618 2682 a
640 2628 716 2690 lliuc
726 2628 818 2707 iudici
830 2645 884 2708 pro
899 2648 952 2690 suo
965 2629 1089 2692 arbitrio
1107 2629 1175 2690 licet
1188 2631 1245 2690 tria
1260 2629 1332 2690 dare
1349 2629 1460 2704 edicta,
1475 2635 1564 2688 aute-

481 2727 570 2788 quam
589 2709 821 2789 peremptorium
842 2711 968 2772 emittat.
992 2716 1094 2790 ltaque
1114 2711 1255 2790 Ulpianus
1272 2711 1303 2770 in
1322 2712 1357 2772 t.
1381 2711 1421 2772 70
1443 2707 1562 2769 ordina·

481 2792 557 2853 riam
580 2798 609 2852 et
626 2793 762 2853 usitatam
782 2791 933 2855 constituit
953 2792 1117 2856 edictos-m
1136 2790 1326 2865 methodum,
1343 2793 1375 2854 in
1395 2792 1429 2853 t.
1450 2791 1491 2852 tt
1509 2807 1564 2853 ex-

482 2874 646 2952 ceptionem
670 2876 770 2953 ponit,
785 2882 818 2935 ut
840 2873 932 2953 judex
953 2878 1044 2955 possit
1068 2874 1146 2937 hene
1166 2875 1341 2937 methodum
1366 2873 1506 2939 omittere
1528 2892 1564 2933 ac

482 2972 541 3017 nou
556 2956 660 3030 tertio,
674 2955 723 3015 sed
740 2964 845 3033 quarto
856 2956 919 3019 loco
932 2959 1165 3038 peremptorium
1176 2958 1259 3019 dure.

536 3038 565 3113 ⁸2)
587 3036 625 3096 L.
642 3038 680 3097 69
718 3034 777 3097 .dc
790 3035 893 3098 Judic.

536 3120 553 3178 5
587 3116 828 3181 Nouel.llllcc
853 3121 908 3180 .5.

523 3200 553 3280 (l
589 3202 661 3283 Gap.
686 3202 705 3261 7
726 3199 762 3263 de
788 3137 849 3264 dod
875 3209 905 3263 et
924 3209 1093 3262 contemne.
1101 3224 1113 3277 ;
1139 3200 1229 3265 clem.
1255 3205 1269 3263 l
1299 3200 1336 3263 dc
1357 3198 1460 3263 lodie.
1488 3202 1562 3276 Quae

483 3279 520 3339 de
539 3282 633 3343 trihus
652 3282 787 3358 edictis,¹
799 3291 850 3342 aut
876 3282 915 3343 dc
940 3301 999 3343 uno
1018 3300 1072 3360 pm
1089 3285 1228 3345 omnihus
1247 3282 1331 3358 dato,
1350 3304 1367 3344 a
1389 3284 1458 3363 jure
1481 3282 1560 3343 cirili

482 3363 590 3421 sancita
604 3372 696 3440 sunt,
717 3364 820 3424 eadem
837 3363 956 3423 videtur
975 3365 1160 3427 constituisse
1181 3370 1283 3428 innoc.
1308 3369 1350 3427 lll
1374 3364 1406 3425 iu
1429 3382 1500 3445 cop.
1520 3365 1562 3425 24

483 3440 519 3502 de
548 3439 632 3523 Offic-
657 3453 685 3505 et
705 3451 813 3525 potest.
837 3441 965 3527 delegat.
991 3445 1049 3506 Sed
1071 3454 1100 3505 et
1123 3455 1192 3509 ante
1210 3451 1310 3509 luuoc.
1332 3450 1372 3508 lll
1398 3444 1563 3507 parisiense

482 3522 638 3583 concilium
658 3525 737 3603 apud
759 3525 930 3587 Gratianum
945 3544 1013 3586 cun.
1038 3530 1056 3587 6
1077 3546 1144 3611 cap.
1169 3529 1208 3590 hl
1222 3548 1276 3612 qu.
1297 3530 1316 3588 5
1336 3532 1498 3591 Romanam
1517 3527 1563 3589 lc·

483 3622 552 3746 penp
562 3604 705 3747 chtri⁷lpps
720 3606 838 3748 edictis,
853 3614 904 3749 apt
915 3624 1042 3750 unodprc
1055 3609 1149 3670 trihus
1160 3610 1342 3689 approbavit.

522 3685 566 3847 isi
589 3692 778 3861 n....l..l
804 3686 965 3831 777
989 3690 1562 3851 77777777.ξ’.7777

484 3856 627 3909 autemut
646 3848 737 3912 Paul.
753 3859 859 3933 recept.
876 3861 989 3913 scatere.
1008 3849 1059 3914 tit.
1079 3856 1097 3915 5
1121 3855 1168 3916 tit.
1185 3859 1204 3918 5
1223 3854 1251 3937 §-
1266 3857 1300 3933 7,
1319 3854 1398 3933 apud
1415 3854 1563 3917 Schultin·

484 3932 567 4023 pium
598 3931 734 4012 Jurispr.
756 3942 812 3995 cet.
836 3932 1086 4016 Ante-justinian.
1109 3954 1144 4031 p.
1169 3940 1231 4000 tto
1251 3935 1297 3999 ed.
1325 3936 1437 4018 Lipsiae
1460 3938 1560 4015 1757,

484 4020 514 4072 et
536 4030 570 4071 m
592 4029 660 4073 can.
684 4016 702 4075 6
728 4032 793 4109 cup.
820 4014 859 4075 24
878 4034 930 4098 pu.
955 4018 973 4077 5
997 4020 1197 4082 Auctorrtctcs
1220 4018 1415 4098 appellantur.
1438 4019 1563 4097 Proprie

485 4092 613 4154 alatinis
637 4090 877 4158 denuntiationes
891 4097 1045 4175 dicuntur,
1061 4100 1113 4160 sed
1134 4111 1279 4182 corrupta
1296 4100 1449 4161 latinitatis
1473 4100 1563 4179 scrip·

486 4184 564 4235 tores
582 4176 774 4238 auctoritates
788 4186 902 4237 vocant.
920 4182 1013 4241 llulta
1033 4181 1096 4259 ejus
1117 4182 1159 4244 rei
1173 4182 1305 4261 exempla
1318 4190 1388 4243 sunt
1411 4180 1491 4262 apud
1514 4184 1562 4245 Du

485 4260 582 4337 Gange
597 4254 729 4320 Glossor.
744 4257 822 4320 med.
836 4268 866 4320 et
880 4260 977 4343 insint.
994 4258 1106 4324 lctinit.

526 4338 568 4418 (r)
589 4340 625 4400 u.
642 4342 681 4401 72
692 4338 728 4423 ff.
742 4338 890 4403 desino.
