3575 5625
676 719 724 731 ...
749 676 821 747 225
847 719 896 733 ..-

245 837 305 889 cst:
320 822 461 909 Synodoa
484 823 624 885 Nmtorio
638 843 712 886 noco
725 824 826 887 choe.
852 829 1003 887 Postremo
1023 844 1090 904 quaa
1117 845 1133 885 a
1153 830 1225 888 ture
1243 827 1321 887 civili

245 910 284 970 de
298 906 523 988 probationibus
536 906 574 966 ab
591 914 705 984 actore,
722 907 760 967 de
771 906 992 985 emptionibus
1008 925 1025 966 a
1042 926 1093 968 roo
1107 909 1322 987 proponendis,

245 990 284 1051 de
302 988 499 1051 concedendis
517 988 636 1066 utrique
661 987 774 1049 idoneis
797 986 988 1049 dilationibus
1009 998 1079 1048 sunt
1098 992 1271 1067 constituta,
1290 1008 1324 1050 ea

243 1073 309 1133 lere
325 1071 424 1133 omnia
444 1070 476 1131 in
495 1070 696 1131 ecclesiasticis
713 1086 830 1149 quoque
844 1069 964 1147 judiciis
985 1068 1136 1131 observata
1163 1073 1267 1148 luisse,
1288 1090 1324 1131 ex
1415 1105 1419 1112 ·
1442 1134 1462 1146 ..

244 1154 439 1215 conciliorum
451 1151 523 1211 actia
535 1151 723 1211 manifestum
739 1159 793 1211 est.
814 1150 928 1211 Placuit
944 1151 1079 1212 conterre
1092 1156 1145 1214 lus
1159 1153 1243 1213 civile
1256 1172 1324 1213 curu

246 1235 448 1295 ecclesiasticis
467 1232 603 1311 judiciis,
626 1240 659 1293 ut
672 1232 778 1293 clarior
791 1232 830 1292 sit
844 1250 929 1293 error
943 1232 1079 1309 illorum,
1100 1234 1152 1312 qui
1176 1235 1325 1295 ecclesiam

246 1318 378 1377 exterius
390 1316 490 1376 lorum
504 1313 642 1375 hahuisse
655 1313 837 1375 inficiantur.

299 1514 331 1615 ς.
363 1515 418 1585 vl.
455 1516 604 1587 Potestas
649 1515 930 1587 animadvertendi
972 1520 1007 1587 in
1053 1520 1191 1589 erimina
1226 1518 1326 1589 cleri·

248 1637 366 1685 corum
399 1616 502 1683 oritur
541 1638 579 1684 ea
614 1616 752 1710 imperio
784 1630 818 1684 et
839 1614 1085 1712 jurisdictione,
1125 1640 1224 1711 quam
1260 1618 1326 1687 Ec-

249 1710 365 1799 clesia,
408 1727 574 1808 tamquam
614 1710 758 1808 perlecta
792 1736 829 1782 ac
873 1711 1025 1783 distincta
1054 1712 1254 1807 respublica,
1290 1716 1327 1783 in

248 1834 322 1880 suos
349 1807 496 1879 subditos
517 1808 628 1879 habet.
664 1808 749 1881 Nam
767 1811 821 1879 cui
853 1834 980 1879 summa
1002 1824 1144 1907 potestas
1175 1827 1210 1881 et
1232 1812 1330 1908 juris·

251 1904 351 1977 dictio
384 1908 553 1977 commissa
590 1921 656 1995 est,
695 1908 749 1977 cui
774 1908 830 2004 jus
871 1923 920 1979 est
952 1906 1135 2004 imperandi
1175 1908 1328 2005 legesque

252 2002 400 2092 ferendi,
430 2006 460 2074 ei
488 2028 621 2100 quoque
654 2006 710 2101 jos
735 2006 893 2100 competit
922 2003 1083 2101 puniendi
1118 2021 1246 2096 sontes,
1272 2009 1331 2103 qui

250 2101 376 2197 legibus
415 2126 484 2172 non
520 2100 752 2197 obtemperant
791 2116 978 2197 aurumque
1016 2101 1204 2189 reipublicae
1247 2129 1329 2201 per·

252 2215 387 2270 vertunt
437 2197 506 2293 (l).
549 2198 694 2283 Omnes,
746 2202 803 2295 qui
849 2198 1048 2296 baptismum
1096 2218 1326 2297 susceperunt,

251 2300 387 2394 proprie
432 2296 573 2367 ecelesia
613 2295 735 2365 subditi
778 2310 874 2385 sunt,
915 2294 973 2367 aed
1016 2313 1128 2366 tamen
1180 2302 1225 2367 ita
1258 2298 1328 2391 ‘lert

251 2397 383 2491 imperii
424 2410 459 2465 et
499 2391 668 2466 sacerdotii
702 2392 892 2484 concordia,
933 2409 970 2464 ut
1005 2391 1077 2465 laici
1120 2411 1250 2465 tantum
1295 2398 1330 2465 in

252 2492 356 2563 rebus
395 2494 490 2562 sacris
536 2507 635 2588 atque
676 2489 812 2580 divinia,
862 2492 969 2562 elerici
1007 2507 1116 2562 autem
1154 2494 1190 2561 in
1234 2492 1331 2563 rebus

187 2658 191 2663 .
250 2588 410 2661 omnibus
440 2588 582 2661 ecelesiae
610 2587 841 2684 subjiciantur3
876 2590 1033 2686 quoniam
1061 2589 1095 2659 hi
1129 2591 1333 2685 magistratus

250 2685 398 2777 habent,
437 2702 470 2759 et
509 2685 616 2757 officia
649 2686 877 2775 ecelesiastica,
917 2702 951 2757 et
988 2689 1121 2782 proprie
1152 2688 1332 2758 conficiunt
1451 2690 1459 2713 ⁶

248 2782 499 2858 ecelesiasticam
541 2782 797 2879 rempublicam,
839 2785 905 2854 sive
943 2783 1256 2858 administrationem
1299 2800 1333 2854 et

249 2899 464 2980 potestatem,
493 2907 592 2979 quam
620 2882 747 2954 acivili
775 2881 1002 2976 distinguimus
1026 2880 1093 2978 (2)

293 3100 339 3178 (l)
364 3097 581 3161 rudendorfius
595 3107 625 3160 et
638 3097 810 3160 lleineecius
821 3093 875 3158 loe.
889 3095 941 3156 eit.
1103 3143 1112 3161 .

298 3179 342 3262 (ἓ)
364 3183 463 3242 Laicru
487 3181 597 3259 aliquot
613 3181 673 3260 jam
697 3197 790 3258 usque
809 3178 847 3239 ab
870 3175 1000 3255 antiquis
1022 3176 1204 3254 temporibus
1223 3174 1336 3236 clericis

250 3261 379 3324 infestos
403 3263 508 3338 luisse,
534 3262 625 3322 tradit
648 3262 813 3324 Bonilaeiua
836 3263 906 3321 Vlll
933 3258 967 3318 in
992 3275 1058 3338 cop.
1085 3255 1156 3318 sue
1179 3257 1335 3318 incanuit.

250 3341 359 3405 eccles.
386 3347 460 3404 Eum
484 3343 675 3422 reprehendit
700 3342 877 3405 Gavadarius
892 3340 964 3403 inst.
985 3340 1058 3399 Jur.
1082 3356 1190 3400 conon.
1217 3356 1288 3419 por.
1316 3343 1334 3400 5

250 3444 326 3506 cup.
344 3425 383 3484 25
398 3422 425 3504 S.
443 3427 461 3484 2
483 3433 546 3485 not.
563 3429 599 3496 2,
627 3425 710 3502 quasi
735 3424 766 3484 id
787 3423 887 3483 miuus
904 3439 975 3482 rere
992 3421 1104 3480 dictum
1126 3421 1181 3495 sit',
1195 3421 1335 3499 quoniam

249 3508 301 3568 ait
315 3505 401 3566 initio
426 3524 561 3586 maguam
578 3508 657 3567 inter
670 3507 791 3566 clericos
805 3512 834 3564 ct
857 3502 945 3564 laicos
969 3503 1059 3562 luisse
1085 3503 1286 3576 concordiam,
1302 3521 1336 3562 ac

249 3595 374 3648 tantum
389 3596 455 3666 post
468 3588 561 3648 editas
580 3588 686 3649 Isidori
704 3585 864 3646 decretales
881 3584 1001 3646 dissidia
1023 3585 1164 3663 erupisse.
1188 3584 1246 3646 Sed
1264 3583 1336 3644 lalso

253 3679 290 3730 et
316 3669 464 3729 immerito
478 3669 654 3731 Cavallarius
678 3667 859 3728 Bouilaeiunr
873 3674 999 3726 accusat.
1024 3666 1098 3726 Nolo
1110 3666 1215 3745 longus
1229 3682 1291 3725 esse
1304 3665 1336 3723 in

251 3750 448 3811 recensendis
461 3750 618 3829 exemplis,
636 3767 764 3827 quorum
785 3746 917 3807 historin
936 3748 1030 3824 plena
1044 3732 1124 3808 sunt.
1146 3752 1273 3809 Tantum
1288 3747 1336 3805 in-

252 3831 381 3907 dicabo,
396 3831 475 3909 quod
489 3833 615 3892 [literius
629 3829 818 3892 Pictaviensis
832 3829 984 3906 episcopus
998 3836 1098 3888 narrat
1111 3829 1241 3889 creuisse
1252 3833 1338 3886 atate

253 3931 412 4054 prqmpuoe
426 3913 456 3973 iu
471 3914 511 4053 iv
526 3913 664 4052 sarculpm
676 3911 790 4054 inqidit.
806 3909 993 4052 lpspppiliqep
1002 3906 1335 4050 ariVConetopfflppat.

267 4016 279 4054 r
307 4038 314 4053 .
373 4012 458 4054 nunt.
578 4038 585 4053 .
621 4011 679 4053 orn.
773 4013 822 4053 o.
932 4009 1003 4049 er.
1058 4009 1138 4051 eron.
1288 4003 1338 4046 on-

252 4075 404 4138 stantium
429 4012 582 4155 rogarfpii
600 4075 660 4135 suis
681 4011 934 4153 quoqiaeitegibus
961 4072 1141 4150 personalem
1164 4070 1336 4129 clericorum

252 4157 479 4218 immunitatem
510 4155 678 4231 confirmet,
708 4181 720 4208 a
735 4159 836 4232 Neque
856 4161 920 4231 post
942 4150 996 4211 hac
1026 4150 1112 4229 (laici)
1141 4156 1334 4228 praesumant,

253 4247 351 4316 atque
369 4245 531 4317 usurpent,
554 4247 583 4298 et
601 4245 706 4316 putent
727 4255 757 4297 se
780 4253 880 4296 causas
905 4251 1079 4312 cognoscere
1102 4231 1291 4291 clericorum:
1308 4237 1338 4288 et
