<?xml version="1.0" encoding="UTF-8"?>
<!DOCTYPE html PUBLIC "-//W3C//DTD XHTML 1.0 Transitional//EN"
    "http://www.w3.org/TR/xhtml1/DTD/xhtml1-transitional.dtd">
<html xmlns="http://www.w3.org/1999/xhtml" xml:lang="en" lang="en">
 <head>
  <title>
</title>
<meta http-equiv="Content-Type" content="text/html;charset=utf-8" />
  <meta name='ocr-system' content='tesseract 3.04.00' />
  <meta name='ocr-capabilities' content='ocr_page ocr_carea ocr_par ocr_line ocrx_word'/>
</head>
<body>
  <div class='ocr_page' id='page_1' title='image "./institutionumca01devogoog_0314.png"; bbox 0 0 3575 5625; ppageno 0'>
   <div class='ocr_carea' id='block_1_1' title="bbox 653 613 873 684">
    <p class='ocr_par' dir='ltr' id='par_1_1' title="bbox 653 613 873 684">
     <span class='ocr_line' id='line_1_1' title="bbox 653 613 873 684; baseline -0.009 1"><span class='ocrx_word' id='word_1_1' title='bbox 653 613 873 684; x_wconf 77' lang='lat'>-505-</span> 
     </span>
    </p>
   </div>
   <div class='ocr_carea' id='block_1_2' title="bbox 235 761 1295 863">
    <p class='ocr_par' dir='ltr' id='par_1_2' title="bbox 235 761 1295 863">
     <span class='ocr_line' id='line_1_2' title="bbox 235 761 1295 863; baseline 0 -27"><span class='ocrx_word' id='word_1_2' title='bbox 235 768 339 838; x_wconf 86' lang='lat' dir='ltr'>doctos</span> <span class='ocrx_word' id='word_1_3' title='bbox 378 782 411 836; x_wconf 87' lang='lat' dir='ltr'>ct</span> <span class='ocrx_word' id='word_1_4' title='bbox 444 764 583 863; x_wconf 88' lang='lat' dir='ltr'>probos,</span> <span class='ocrx_word' id='word_1_5' title='bbox 624 789 766 860; x_wconf 92' lang='lat' dir='ltr'>quorum</span> <span class='ocrx_word' id='word_1_6' title='bbox 803 761 955 854; x_wconf 88' lang='lat' dir='ltr'>oonsilio,</span> <span class='ocrx_word' id='word_1_7' title='bbox 989 765 1201 852; x_wconf 83' lang='lat' dir='ltr'>auctoritate,</span> <span class='ocrx_word' id='word_1_8' title='bbox 1241 789 1295 836; x_wconf 84' lang='lat' dir='ltr'>sa-</span> 
     </span>
    </p>
   </div>
   <div class='ocr_carea' id='block_1_3' title="bbox 233 859 1294 1032">
    <p class='ocr_par' dir='ltr' id='par_1_3' title="bbox 233 859 1294 1032">
     <span class='ocr_line' id='line_1_3' title="bbox 233 859 1294 1032; baseline -0.002 -97"><span class='ocrx_word' id='word_1_9' title='bbox 233 869 345 1032; x_wconf 67' lang='lat' dir='ltr'>pientie</span> <span class='ocrx_word' id='word_1_10' title='bbox 371 865 491 960; x_wconf 87' lang='lat' dir='ltr'>ubique</span> <span class='ocrx_word' id='word_1_11' title='bbox 525 867 651 958; x_wconf 80' lang='lat' dir='ltr'>integro</span> <span class='ocrx_word' id='word_1_12' title='bbox 687 859 798 956; x_wconf 80' lang='lat' dir='ltr'>religio</span> <span class='ocrx_word' id='word_1_13' title='bbox 831 861 1061 932; x_wconf 78' lang='lat' dir='ltr'>conservetur?</span> <span class='ocrx_word' id='word_1_14' title='bbox 1093 861 1218 935; x_wconf 87' lang='lat' dir='ltr'>Deinde</span> <span class='ocrx_word' id='word_1_15' title='bbox 1253 863 1294 933; x_wconf 85' lang='lat' dir='ltr'>ob</span> 
     </span>
    </p>
   </div>
   <div class='ocr_carea' id='block_1_4' title="bbox 228 955 1295 1526">
    <p class='ocr_par' dir='ltr' id='par_1_4' title="bbox 261 955 1295 1060">
     <span class='ocr_line' id='line_1_4' title="bbox 261 955 1295 1060; baseline -0.001 -27"><span class='ocrx_word' id='word_1_16' title='bbox 261 966 396 1060; x_wconf 85' lang='lat' dir='ltr'>ispunice</span> <span class='ocrx_word' id='word_1_17' title='bbox 429 963 636 1059; x_wconf 82' lang='lat' dir='ltr'>inquisitione</span> <span class='ocrx_word' id='word_1_18' title='bbox 669 957 831 1053; x_wconf 73' lang='lat' dir='ltr'>regulares</span> <span class='ocrx_word' id='word_1_19' title='bbox 861 955 999 1046; x_wconf 75' lang='lat' dir='ltr'>absunt,</span> <span class='ocrx_word' id='word_1_20' title='bbox 1032 958 1088 1030; x_wconf 92' lang='lat' dir='ltr'>ubi</span> <span class='ocrx_word' id='word_1_21' title='bbox 1116 977 1224 1038; x_wconf 83' lang='lat' dir='ltr'>autem</span> <span class='ocrx_word' id='word_1_22' title='bbox 1260 961 1295 1032; x_wconf 92' lang='lat' dir='ltr'>bi</span> 
     </span>
    </p>

    <p class='ocr_par' dir='ltr' id='par_1_5' title="bbox 228 1053 1295 1526">
     <span class='ocr_line' id='line_1_5' title="bbox 234 1053 1294 1158; baseline 0 -28"><span class='ocrx_word' id='word_1_23' title='bbox 234 1077 321 1150; x_wconf 88' lang='lat' dir='ltr'>sunt,</span> <span class='ocrx_word' id='word_1_24' title='bbox 354 1059 441 1131; x_wconf 80' lang='lat' dir='ltr'>baud</span> <span class='ocrx_word' id='word_1_25' title='bbox 477 1062 553 1158; x_wconf 87' lang='lat' dir='ltr'>ipsis</span> <span class='ocrx_word' id='word_1_26' title='bbox 581 1057 742 1156; x_wconf 87' lang='lat' dir='ltr'>quidlibet</span> <span class='ocrx_word' id='word_1_27' title='bbox 772 1055 892 1127; x_wconf 83' lang='lat' dir='ltr'>undere</span> <span class='ocrx_word' id='word_1_28' title='bbox 920 1053 1016 1146; x_wconf 87' lang='lat' dir='ltr'>licet,</span> <span class='ocrx_word' id='word_1_29' title='bbox 1061 1084 1135 1128; x_wconf 91' lang='lat' dir='ltr'>cum</span> <span class='ocrx_word' id='word_1_30' title='bbox 1167 1059 1294 1132; x_wconf 81' lang='lat' dir='ltr'>subsint</span> 
     </span>
     <span class='ocr_line' id='line_1_6' title="bbox 233 1153 1293 1256; baseline 0 -28"><span class='ocrx_word' id='word_1_31' title='bbox 233 1184 386 1256; x_wconf 80' lang='lat' dir='ltr'>supremae</span> <span class='ocrx_word' id='word_1_32' title='bbox 416 1159 640 1255; x_wconf 75' lang='lat' dir='ltr'>inquisitioni,</span> <span class='ocrx_word' id='word_1_33' title='bbox 672 1158 724 1226; x_wconf 89' lang='lat' dir='ltr'>eni</span> <span class='ocrx_word' id='word_1_34' title='bbox 750 1153 901 1226; x_wconf 79' lang='lat' dir='ltr'>Pontifex</span> <span class='ocrx_word' id='word_1_35' title='bbox 936 1155 1004 1250; x_wconf 89' lang='lat' dir='ltr'>ipse</span> <span class='ocrx_word' id='word_1_36' title='bbox 1045 1172 1180 1252; x_wconf 69' lang='lat' dir='ltr'>protest,</span> <span class='ocrx_word' id='word_1_37' title='bbox 1218 1183 1293 1252; x_wconf 85' lang='lat' dir='ltr'>poe·</span> 
     </span>
     <span class='ocr_line' id='line_1_7' title="bbox 232 1255 1294 1354; baseline 0 -28"><span class='ocrx_word' id='word_1_38' title='bbox 232 1259 342 1354; x_wconf 85' lang='lat' dir='ltr'>nisque</span> <span class='ocrx_word' id='word_1_39' title='bbox 363 1259 553 1352; x_wconf 79' lang='lat' dir='ltr'>gratissimis</span> <span class='ocrx_word' id='word_1_40' title='bbox 577 1257 740 1351; x_wconf 83' lang='lat' dir='ltr'>provisum</span> <span class='ocrx_word' id='word_1_41' title='bbox 771 1255 826 1345; x_wconf 89' lang='lat' dir='ltr'>sit,</span> <span class='ocrx_word' id='word_1_42' title='bbox 850 1278 894 1324; x_wconf 92' lang='lat' dir='ltr'>ne</span> <span class='ocrx_word' id='word_1_43' title='bbox 921 1255 993 1349; x_wconf 91' lang='lat' dir='ltr'>quis</span> <span class='ocrx_word' id='word_1_44' title='bbox 1024 1278 1138 1325; x_wconf 87' lang='lat' dir='ltr'>corum</span> <span class='ocrx_word' id='word_1_45' title='bbox 1165 1279 1183 1323; x_wconf 86' lang='lat' dir='ltr'>u</span> <span class='ocrx_word' id='word_1_46' title='bbox 1209 1271 1294 1326; x_wconf 85' lang='lat' dir='ltr'>rectu</span> 
     </span>
     <span class='ocr_line' id='line_1_8' title="bbox 228 1351 1295 1450; baseline 0.001 -26"><span class='ocrx_word' id='word_1_47' title='bbox 228 1354 422 1450; x_wconf 83' lang='lat' dir='ltr'>judiciorum</span> <span class='ocrx_word' id='word_1_48' title='bbox 450 1351 625 1444; x_wconf 83' lang='lat' dir='ltr'>methodo,</span> <span class='ocrx_word' id='word_1_49' title='bbox 655 1352 839 1450; x_wconf 75' lang='lat' dir='ltr'>olegibns,</span> <span class='ocrx_word' id='word_1_50' title='bbox 869 1376 887 1420; x_wconf 84' lang='lat' dir='ltr'>u</span> <span class='ocrx_word' id='word_1_51' title='bbox 918 1353 1051 1422; x_wconf 77' lang='lat' dir='ltr'>veritate</span> <span class='ocrx_word' id='word_1_52' title='bbox 1076 1369 1109 1422; x_wconf 86' lang='lat' dir='ltr'>et</span> <span class='ocrx_word' id='word_1_53' title='bbox 1141 1354 1295 1448; x_wconf 82' lang='lat' dir='ltr'>aequitnte</span> 
     </span>
     <span class='ocr_line' id='line_1_9' title="bbox 233 1451 385 1526; baseline 0.026 -6"><span class='ocrx_word' id='word_1_54' title='bbox 233 1451 385 1526; x_wconf 74' lang='lat' dir='ltr'>discedat.</span> 
     </span>
    </p>
   </div>
   <div class='ocr_carea' id='block_1_5' title="bbox 224 1615 1299 3481">
    <p class='ocr_par' dir='ltr' id='par_1_6' title="bbox 224 1615 1299 3481">
     <span class='ocr_line' id='line_1_10' title="bbox 278 1615 1296 1717; baseline -0.002 -27"><span class='ocrx_word' id='word_1_55' title='bbox 278 1617 309 1717; x_wconf 84' lang='lat'>§.</span> <span class='ocrx_word' id='word_1_56' title='bbox 335 1618 395 1690; x_wconf 83' lang='lat' dir='ltr'>xl.</span> <span class='ocrx_word' id='word_1_57' title='bbox 424 1619 496 1690; x_wconf 85' lang='lat' dir='ltr'>lum</span> <span class='ocrx_word' id='word_1_58' title='bbox 527 1619 569 1688; x_wconf 86' lang='lat' dir='ltr'>ud</span> <span class='ocrx_word' id='word_1_59' title='bbox 603 1615 744 1688; x_wconf 77' lang='lat' dir='ltr'>tribunal</span> <span class='ocrx_word' id='word_1_60' title='bbox 781 1616 1019 1713; x_wconf 75' lang='lat' dir='ltr'>inquisitionis,</span> <span class='ocrx_word' id='word_1_61' title='bbox 1050 1641 1183 1706; x_wconf 86' lang='lat' dir='ltr'>omues,</span> <span class='ocrx_word' id='word_1_62' title='bbox 1217 1621 1296 1714; x_wconf 93' lang='lat' dir='ltr'>qui-</span> 
     </span>
     <span class='ocr_line' id='line_1_11' title="bbox 231 1712 1295 1811; baseline 0.003 -27"><span class='ocrx_word' id='word_1_63' title='bbox 231 1715 290 1786; x_wconf 81' lang='lat' dir='ltr'>bus</span> <span class='ocrx_word' id='word_1_64' title='bbox 312 1733 388 1788; x_wconf 88' lang='lat' dir='ltr'>notu</span> <span class='ocrx_word' id='word_1_65' title='bbox 419 1744 470 1788; x_wconf 78' lang='lat' dir='ltr'>res</span> <span class='ocrx_word' id='word_1_66' title='bbox 495 1733 561 1806; x_wconf 85' lang='lat' dir='ltr'>est,</span> <span class='ocrx_word' id='word_1_67' title='bbox 594 1715 734 1788; x_wconf 88' lang='lat' dir='ltr'>baereses</span> <span class='ocrx_word' id='word_1_68' title='bbox 768 1731 866 1811; x_wconf 84' lang='lat' dir='ltr'>utque</span> <span class='ocrx_word' id='word_1_69' title='bbox 904 1712 1088 1804; x_wconf 67' lang='lat' dir='ltr'>haereticos,</span> <span class='ocrx_word' id='word_1_70' title='bbox 1127 1733 1183 1786; x_wconf 82' lang='lat' dir='ltr'>aut</span> <span class='ocrx_word' id='word_1_71' title='bbox 1222 1741 1295 1788; x_wconf 84' lang='lat' dir='ltr'>sus-</span> 
     </span>
     <span class='ocr_line' id='line_1_12' title="bbox 229 1811 1295 1911; baseline 0.002 -27"><span class='ocrx_word' id='word_1_72' title='bbox 229 1831 340 1911; x_wconf 85' lang='lat' dir='ltr'>pectos</span> <span class='ocrx_word' id='word_1_73' title='bbox 367 1816 525 1887; x_wconf 74' lang='lat' dir='ltr'>haereseos</span> <span class='ocrx_word' id='word_1_74' title='bbox 558 1812 685 1885; x_wconf 74' lang='lat' dir='ltr'>deferre</span> <span class='ocrx_word' id='word_1_75' title='bbox 716 1827 814 1910; x_wconf 82' lang='lat' dir='ltr'>utque</span> <span class='ocrx_word' id='word_1_76' title='bbox 846 1835 993 1882; x_wconf 83' lang='lat' dir='ltr'>uccusure</span> <span class='ocrx_word' id='word_1_77' title='bbox 1026 1811 1160 1883; x_wconf 87' lang='lat' dir='ltr'>debent.</span> <span class='ocrx_word' id='word_1_78' title='bbox 1196 1811 1295 1900; x_wconf 89' lang='lat' dir='ltr'>Quod</span> 
     </span>
     <span class='ocr_line' id='line_1_13' title="bbox 229 1908 1295 2010; baseline 0.002 -28"><span class='ocrx_word' id='word_1_79' title='bbox 229 1912 364 2010; x_wconf 90' lang='lat' dir='ltr'>quidem</span> <span class='ocrx_word' id='word_1_80' title='bbox 402 1929 653 1984; x_wconf 73' lang='lat' dir='ltr'>consentaneum</span> <span class='ocrx_word' id='word_1_81' title='bbox 686 1925 734 1981; x_wconf 91' lang='lat' dir='ltr'>est</span> <span class='ocrx_word' id='word_1_82' title='bbox 769 1908 918 2007; x_wconf 82' lang='lat' dir='ltr'>Apostoli</span> <span class='ocrx_word' id='word_1_83' title='bbox 951 1925 1113 2008; x_wconf 77' lang='lat' dir='ltr'>prteoepto</span> <span class='ocrx_word' id='word_1_84' title='bbox 1148 1929 1181 1983; x_wconf 89' lang='lat' dir='ltr'>et</span> <span class='ocrx_word' id='word_1_85' title='bbox 1212 1913 1295 2008; x_wconf 79' lang='lat' dir='ltr'>legi-</span> 
     </span>
     <span class='ocr_line' id='line_1_14' title="bbox 230 2008 1295 2108; baseline 0.004 -30"><span class='ocrx_word' id='word_1_86' title='bbox 230 2009 309 2099; x_wconf 89' lang='lat' dir='ltr'>bus,</span> <span class='ocrx_word' id='word_1_87' title='bbox 356 2037 431 2081; x_wconf 90' lang='lat' dir='ltr'>cnm</span> <span class='ocrx_word' id='word_1_88' title='bbox 470 2009 588 2108; x_wconf 84' lang='lat' dir='ltr'>quibus</span> <span class='ocrx_word' id='word_1_89' title='bbox 620 2010 726 2080; x_wconf 91' lang='lat' dir='ltr'>omnis</span> <span class='ocrx_word' id='word_1_90' title='bbox 768 2008 852 2079; x_wconf 88' lang='lat' dir='ltr'>bene</span> <span class='ocrx_word' id='word_1_91' title='bbox 887 2010 1060 2079; x_wconf 83' lang='lat' dir='ltr'>constituto</span> <span class='ocrx_word' id='word_1_92' title='bbox 1115 2035 1165 2080; x_wconf 86' lang='lat' dir='ltr'>res</span> <span class='ocrx_word' id='word_1_93' title='bbox 1191 2011 1295 2084; x_wconf 79' lang='lat' dir='ltr'>ubliou</span> 
     </span>
     <span class='ocr_line' id='line_1_15' title="bbox 231 2037 1296 2205; baseline 0.005 -30"><span class='ocrx_word' id='word_1_94' title='bbox 231 2107 485 2180; x_wconf 78' lang='lat' dir='ltr'>administretur.</span> <span class='ocrx_word' id='word_1_95' title='bbox 522 2109 606 2180; x_wconf 88' lang='lat' dir='ltr'>Num</span> <span class='ocrx_word' id='word_1_96' title='bbox 635 2105 781 2203; x_wconf 73' lang='lat' dir='ltr'>Apostoli</span> <span class='ocrx_word' id='word_1_97' title='bbox 821 2123 1020 2204; x_wconf 77' lang='lat' dir='ltr'>praeceptum</span> <span class='ocrx_word' id='word_1_98' title='bbox 1061 2123 1109 2176; x_wconf 89' lang='lat' dir='ltr'>cst</span> <span class='ocrx_word' id='word_1_99' title='bbox 1141 2037 1216 2205; x_wconf 66' lang='lat' dir='ltr'>(l),</span> <span class='ocrx_word' id='word_1_100' title='bbox 1259 2127 1296 2182; x_wconf 91' lang='lat' dir='ltr'>ut</span> 
     </span>
     <span class='ocr_line' id='line_1_16' title="bbox 229 2205 1297 2302; baseline 0.005 -26"><span class='ocrx_word' id='word_1_101' title='bbox 229 2231 345 2276; x_wconf 79' lang='lat' dir='ltr'>omnes</span> <span class='ocrx_word' id='word_1_102' title='bbox 387 2209 574 2280; x_wconf 68' lang='lat' dir='ltr'>mundaret</span> <span class='ocrx_word' id='word_1_103' title='bbox 609 2210 676 2292; x_wconf 66' lang='grc' dir='ltr'>ἑὰ,</span> <span class='ocrx_word' id='word_1_104' title='bbox 719 2211 786 2302; x_wconf 76' lang='lat' dir='ltr'>qm·</span> <span class='ocrx_word' id='word_1_105' title='bbox 815 2205 1039 2278; x_wconf 65' lang='lat' dir='ltr'>abacorum</span> <span class='ocrx_word' id='word_1_106' title='bbox 1074 2206 1220 2300; x_wconf 76' lang='lat' dir='ltr'>faciunt</span> <span class='ocrx_word' id='word_1_107' title='bbox 1263 2222 1297 2281; x_wconf 76' lang='lat' dir='ltr'>et</span> 
     </span>
     <span class='ocr_line' id='line_1_17' title="bbox 226 2301 1294 2471; baseline 0.006 -98"><span class='ocrx_word' id='word_1_108' title='bbox 226 2305 423 2471; x_wconf 57' lang='lat' dir='ltr'>depectunt</span> <span class='ocrx_word' id='word_1_109' title='bbox 446 2303 533 2398; x_wconf 76' lang='lat' dir='ltr'>fidei</span> <span class='ocrx_word' id='word_1_110' title='bbox 563 2314 792 2401; x_wconf 67' lang='lat' dir='ltr'>pervortam,</span> <span class='ocrx_word' id='word_1_111' title='bbox 822 2319 858 2374; x_wconf 84' lang='lat' dir='ltr'>et</span> <span class='ocrx_word' id='word_1_112' title='bbox 885 2301 962 2374; x_wconf 88' lang='lat' dir='ltr'>hinc</span> <span class='ocrx_word' id='word_1_113' title='bbox 997 2307 1112 2376; x_wconf 89' lang='lat' dir='ltr'>merito</span> <span class='ocrx_word' id='word_1_114' title='bbox 1139 2307 1174 2376; x_wconf 92' lang='lat' dir='ltr'>in</span> <span class='ocrx_word' id='word_1_115' title='bbox 1201 2331 1294 2379; x_wconf 74' lang='lat' dir='ltr'>causa</span> 
     </span>
     <span class='ocr_line' id='line_1_18' title="bbox 227 2401 1295 2498; baseline 0.005 -25"><span class='ocrx_word' id='word_1_116' title='bbox 227 2429 264 2473; x_wconf 85' lang='lat' dir='ltr'>re</span> <span class='ocrx_word' id='word_1_117' title='bbox 278 2403 391 2496; x_wconf 81' lang='lat' dir='ltr'>igionis</span> <span class='ocrx_word' id='word_1_118' title='bbox 447 2426 716 2498; x_wconf 87' lang='lat' dir='ltr'>unumquemque</span> <span class='ocrx_word' id='word_1_119' title='bbox 773 2401 984 2472; x_wconf 73' lang='lat' dir='ltr'>christianum</span> <span class='ocrx_word' id='word_1_120' title='bbox 1042 2402 1179 2474; x_wconf 87' lang='lat' dir='ltr'>militem</span> <span class='ocrx_word' id='word_1_121' title='bbox 1227 2431 1295 2478; x_wconf 79' lang='lat' dir='ltr'>esee</span> 
     </span>
     <span class='ocr_line' id='line_1_19' title="bbox 229 2497 1294 2598; baseline 0.002 -25"><span class='ocrx_word' id='word_1_122' title='bbox 229 2527 248 2573; x_wconf 92' lang='lat' dir='ltr'>o</span> <span class='ocrx_word' id='word_1_123' title='bbox 294 2515 375 2584; x_wconf 89' lang='lat' dir='ltr'>rtet,</span> <span class='ocrx_word' id='word_1_124' title='bbox 398 2516 435 2570; x_wconf 91' lang='lat' dir='ltr'>ut</span> <span class='ocrx_word' id='word_1_125' title='bbox 461 2503 497 2570; x_wconf 91' lang='lat' dir='ltr'>in</span> <span class='ocrx_word' id='word_1_126' title='bbox 524 2525 596 2571; x_wconf 80' lang='lat' dir='ltr'>reos</span> <span class='ocrx_word' id='word_1_127' title='bbox 631 2501 804 2598; x_wconf 73' lang='lat' dir='ltr'>majestatis</span> <span class='ocrx_word' id='word_1_128' title='bbox 836 2515 870 2570; x_wconf 88' lang='lat' dir='ltr'>ct</span> <span class='ocrx_word' id='word_1_129' title='bbox 900 2497 1047 2597; x_wconf 85' lang='lat' dir='ltr'>publicos</span> <span class='ocrx_word' id='word_1_130' title='bbox 1081 2500 1187 2573; x_wconf 86' lang='lat' dir='ltr'>hostes</span> <span class='ocrx_word' id='word_1_131' title='bbox 1218 2528 1294 2574; x_wconf 89' lang='lat' dir='ltr'>om-</span> 
     </span>
     <span class='ocr_line' id='line_1_20' title="bbox 229 2584 1295 2698; baseline 0.002 -30"><span class='ocrx_word' id='word_1_132' title='bbox 229 2601 279 2668; x_wconf 91' lang='lat' dir='ltr'>nis</span> <span class='ocrx_word' id='word_1_133' title='bbox 305 2584 405 2669; x_wconf 79' lang='lat' dir='ltr'>bomo</span> <span class='ocrx_word' id='word_1_134' title='bbox 431 2598 522 2669; x_wconf 77' lang='lat' dir='ltr'>miles</span> <span class='ocrx_word' id='word_1_135' title='bbox 553 2613 600 2668; x_wconf 90' lang='lat' dir='ltr'>est</span> <span class='ocrx_word' id='word_1_136' title='bbox 623 2597 689 2694; x_wconf 65' lang='lat'><strong>(2).</strong></span> <span class='ocrx_word' id='word_1_137' title='bbox 722 2597 821 2694; x_wconf 76' lang='lat' dir='ltr'>Leges</span> <span class='ocrx_word' id='word_1_138' title='bbox 850 2613 960 2669; x_wconf 82' lang='lat' dir='ltr'>nutem</span> <span class='ocrx_word' id='word_1_139' title='bbox 995 2600 1152 2697; x_wconf 85' lang='lat' dir='ltr'>cujusque</span> <span class='ocrx_word' id='word_1_140' title='bbox 1181 2603 1295 2698; x_wconf 91' lang='lat' dir='ltr'>reipu-</span> 
     </span>
     <span class='ocr_line' id='line_1_21' title="bbox 229 2696 1295 2797; baseline 0.003 -30"><span class='ocrx_word' id='word_1_141' title='bbox 229 2696 320 2768; x_wconf 83' lang='lat' dir='ltr'>blicae</span> <span class='ocrx_word' id='word_1_142' title='bbox 345 2696 430 2766; x_wconf 89' lang='lat' dir='ltr'>bene</span> <span class='ocrx_word' id='word_1_143' title='bbox 461 2698 644 2768; x_wconf 83' lang='lat' dir='ltr'>constitutae</span> <span class='ocrx_word' id='word_1_144' title='bbox 675 2711 775 2784; x_wconf 91' lang='lat' dir='ltr'>sunt,</span> <span class='ocrx_word' id='word_1_145' title='bbox 811 2711 848 2766; x_wconf 93' lang='lat' dir='ltr'>ut</span> <span class='ocrx_word' id='word_1_146' title='bbox 875 2698 981 2767; x_wconf 92' lang='lat' dir='ltr'>omnis</span> <span class='ocrx_word' id='word_1_147' title='bbox 1010 2699 1085 2768; x_wconf 86' lang='lat' dir='ltr'>ciris</span> <span class='ocrx_word' id='word_1_148' title='bbox 1123 2700 1295 2797; x_wconf 76' lang='lat' dir='ltr'>magistru-</span> 
     </span>
     <span class='ocr_line' id='line_1_22' title="bbox 227 2791 1296 2891; baseline 0.003 -25"><span class='ocrx_word' id='word_1_149' title='bbox 227 2799 275 2867; x_wconf 89' lang='lat' dir='ltr'>toi</span> <span class='ocrx_word' id='word_1_150' title='bbox 297 2795 483 2891; x_wconf 79' lang='lat' dir='ltr'>significare</span> <span class='ocrx_word' id='word_1_151' title='bbox 516 2792 652 2884; x_wconf 82' lang='lat' dir='ltr'>debent,</span> <span class='ocrx_word' id='word_1_152' title='bbox 680 2795 707 2865; x_wconf 83' lang='lat' dir='ltr'>si</span> <span class='ocrx_word' id='word_1_153' title='bbox 737 2794 811 2891; x_wconf 83' lang='lat' dir='ltr'>quis</span> <span class='ocrx_word' id='word_1_154' title='bbox 842 2791 971 2865; x_wconf 80' lang='lat' dir='ltr'>student</span> <span class='ocrx_word' id='word_1_155' title='bbox 996 2793 1091 2867; x_wconf 85' lang='lat' dir='ltr'>rebus</span> <span class='ocrx_word' id='word_1_156' title='bbox 1126 2799 1236 2887; x_wconf 82' lang='lat' dir='ltr'>noris,</span> <span class='ocrx_word' id='word_1_157' title='bbox 1270 2799 1296 2869; x_wconf 90' lang='lat' dir='ltr'>si</span> 
     </span>
     <span class='ocr_line' id='line_1_23' title="bbox 225 2891 1296 2992; baseline -0.001 -25"><span class='ocrx_word' id='word_1_158' title='bbox 225 2898 260 2967; x_wconf 85' lang='lat' dir='ltr'>in</span> <span class='ocrx_word' id='word_1_159' title='bbox 285 2893 456 2992; x_wconf 75' lang='lat' dir='ltr'>republica</span> <span class='ocrx_word' id='word_1_160' title='bbox 493 2892 605 2963; x_wconf 78' lang='lat' dir='ltr'>turbes</span> <span class='ocrx_word' id='word_1_161' title='bbox 637 2894 776 2980; x_wconf 82' lang='lat' dir='ltr'>excitet,</span> <span class='ocrx_word' id='word_1_162' title='bbox 808 2893 833 2961; x_wconf 83' lang='lat' dir='ltr'>si</span> <span class='ocrx_word' id='word_1_163' title='bbox 874 2891 956 2986; x_wconf 91' lang='lat' dir='ltr'>quid</span> <span class='ocrx_word' id='word_1_164' title='bbox 985 2894 1019 2961; x_wconf 92' lang='lat' dir='ltr'>in</span> <span class='ocrx_word' id='word_1_165' title='bbox 1046 2892 1210 2989; x_wconf 83' lang='lat' dir='ltr'>publicum</span> <span class='ocrx_word' id='word_1_166' title='bbox 1242 2921 1296 2966; x_wconf 83' lang='lat' dir='ltr'>so·</span> 
     </span>
     <span class='ocr_line' id='line_1_24' title="bbox 227 2988 1299 3089; baseline 0.001 -26"><span class='ocrx_word' id='word_1_167' title='bbox 227 2994 326 3063; x_wconf 88' lang='lat' dir='ltr'>lutem</span> <span class='ocrx_word' id='word_1_168' title='bbox 383 2990 652 3089; x_wconf 75' lang='lat' dir='ltr'>tranquillitatem</span> <span class='ocrx_word' id='word_1_169' title='bbox 679 3015 719 3061; x_wconf 88' lang='lat' dir='ltr'>ue</span> <span class='ocrx_word' id='word_1_170' title='bbox 771 2988 944 3077; x_wconf 78' lang='lat' dir='ltr'>molietur,</span> <span class='ocrx_word' id='word_1_171' title='bbox 996 2992 1022 3059; x_wconf 85' lang='lat' dir='ltr'>si</span> <span class='ocrx_word' id='word_1_172' title='bbox 1065 2992 1138 3087; x_wconf 84' lang='lat' dir='ltr'>quis</span> <span class='ocrx_word' id='word_1_173' title='bbox 1186 2996 1299 3087; x_wconf 73' lang='lat' dir='ltr'>putriae</span> 
     </span>
     <span class='ocr_line' id='line_1_25' title="bbox 224 3016 1299 3255; baseline -0.005 -91"><span class='ocrx_word' id='word_1_174' title='bbox 224 3091 378 3189; x_wconf 89' lang='lat' dir='ltr'>proditor</span> <span class='ocrx_word' id='word_1_175' title='bbox 405 3092 457 3161; x_wconf 84' lang='lat' dir='ltr'>sit.</span> <span class='ocrx_word' id='word_1_176' title='bbox 496 3090 549 3161; x_wconf 77' lang='lat' dir='ltr'>An</span> <span class='ocrx_word' id='word_1_177' title='bbox 583 3016 677 3187; x_wconf 84' lang='lat' dir='ltr'>quod</span> <span class='ocrx_word' id='word_1_178' title='bbox 714 3089 753 3159; x_wconf 88' lang='lat' dir='ltr'>in</span> <span class='ocrx_word' id='word_1_179' title='bbox 780 3085 865 3157; x_wconf 83' lang='lat' dir='ltr'>cirili</span> <span class='ocrx_word' id='word_1_180' title='bbox 899 3085 1063 3183; x_wconf 73' lang='lat' dir='ltr'>republica</span> <span class='ocrx_word' id='word_1_181' title='bbox 1101 3090 1299 3255; x_wconf 76' lang='lat' dir='ltr'>sapientissi-</span> 
     </span>
     <span class='ocr_line' id='line_1_26' title="bbox 227 3184 1298 3284; baseline 0.001 -25"><span class='ocrx_word' id='word_1_182' title='bbox 227 3192 285 3260; x_wconf 90' lang='lat' dir='ltr'>mis</span> <span class='ocrx_word' id='word_1_183' title='bbox 316 3187 449 3284; x_wconf 81' lang='lat' dir='ltr'>legibus</span> <span class='ocrx_word' id='word_1_184' title='bbox 479 3189 637 3259; x_wconf 89' lang='lat' dir='ltr'>suneitum</span> <span class='ocrx_word' id='word_1_185' title='bbox 675 3202 743 3275; x_wconf 81' lang='lat' dir='ltr'>est,</span> <span class='ocrx_word' id='word_1_186' title='bbox 783 3209 853 3256; x_wconf 92' lang='lat' dir='ltr'>non</span> <span class='ocrx_word' id='word_1_187' title='bbox 890 3186 987 3255; x_wconf 84' lang='lat' dir='ltr'>etium</span> <span class='ocrx_word' id='word_1_188' title='bbox 1022 3184 1124 3257; x_wconf 84' lang='lat' dir='ltr'>facien</span> <span class='ocrx_word' id='word_1_189' title='bbox 1149 3212 1204 3257; x_wconf 93' lang='lat' dir='ltr'>um</span> <span class='ocrx_word' id='word_1_190' title='bbox 1237 3191 1298 3259; x_wconf 87' lang='lat' dir='ltr'>erit</span> 
     </span>
     <span class='ocr_line' id='line_1_27' title="bbox 225 3282 1296 3386; baseline 0 -29"><span class='ocrx_word' id='word_1_191' title='bbox 225 3289 259 3358; x_wconf 92' lang='lat' dir='ltr'>in</span> <span class='ocrx_word' id='word_1_192' title='bbox 281 3285 452 3386; x_wconf 87' lang='lat' dir='ltr'>republicu</span> <span class='ocrx_word' id='word_1_193' title='bbox 481 3285 704 3376; x_wconf 77' lang='lat' dir='ltr'>ecclesiastico,</span> <span class='ocrx_word' id='word_1_194' title='bbox 730 3309 828 3382; x_wconf 81' lang='lat' dir='ltr'>quum</span> <span class='ocrx_word' id='word_1_195' title='bbox 860 3284 925 3354; x_wconf 87' lang='lat' dir='ltr'>suis</span> <span class='ocrx_word' id='word_1_196' title='bbox 956 3282 1119 3355; x_wconf 89' lang='lat' dir='ltr'>erroribus</span> <span class='ocrx_word' id='word_1_197' title='bbox 1155 3283 1296 3359; x_wconf 81' lang='lat' dir='ltr'>baeretici</span> 
     </span>
     <span class='ocr_line' id='line_1_28' title="bbox 225 3380 1298 3481; baseline 0 -23"><span class='ocrx_word' id='word_1_198' title='bbox 225 3384 424 3481; x_wconf 79' lang='lat' dir='ltr'>perturbent</span> <span class='ocrx_word' id='word_1_199' title='bbox 450 3402 484 3457; x_wconf 90' lang='lat' dir='ltr'>et</span> <span class='ocrx_word' id='word_1_200' title='bbox 513 3388 548 3455; x_wconf 90' lang='lat' dir='ltr'>in</span> <span class='ocrx_word' id='word_1_201' title='bbox 581 3402 763 3455; x_wconf 83' lang='lat' dir='ltr'>extremum</span> <span class='ocrx_word' id='word_1_202' title='bbox 788 3408 873 3480; x_wconf 90' lang='lat' dir='ltr'>pene</span> <span class='ocrx_word' id='word_1_203' title='bbox 905 3380 1078 3455; x_wconf 82' lang='lat' dir='ltr'>discrimen</span> <span class='ocrx_word' id='word_1_204' title='bbox 1106 3382 1298 3457; x_wconf 73' lang='lat' dir='ltr'>adducunt?</span> 
     </span>
    </p>
   </div>
   <div class='ocr_carea' id='block_1_6' title="bbox 193 3550 1254 3721">
    <p class='ocr_par' dir='ltr' id='par_1_7' title="bbox 193 3550 1254 3721">
     <span class='ocr_line' id='line_1_29' title="bbox 193 3550 898 3640; baseline -0.006 -21"><span class='ocrx_word' id='word_1_205' title='bbox 193 3578 198 3585; x_wconf 85' lang='lat'><strong>·</strong></span> <span class='ocrx_word' id='word_1_206' title='bbox 266 3559 292 3637; x_wconf 83' lang='lat' dir='ltr'>(t</span> <span class='ocrx_word' id='word_1_207' title='bbox 329 3555 847 3640; x_wconf 69' lang='lat' dir='ltr'>prt.ndttmn.XV1e.ttseq.</span> <span class='ocrx_word' id='word_1_208' title='bbox 894 3550 898 3557; x_wconf 90' lang='grc'><strong><em>·</em></strong></span> 
     </span>
     <span class='ocr_line' id='line_1_30' title="bbox 268 3634 1254 3721; baseline 0.001 -20"><span class='ocrx_word' id='word_1_209' title='bbox 268 3644 298 3721; x_wconf 69' lang='lat'>(2</span> <span class='ocrx_word' id='word_1_210' title='bbox 331 3639 531 3704; x_wconf 78' lang='lat' dir='ltr'>Tertullianus</span> <span class='ocrx_word' id='word_1_211' title='bbox 550 3634 725 3721; x_wconf 76' lang='lat' dir='ltr'>opoloqetiet&#39;</span> <span class='ocrx_word' id='word_1_212' title='bbox 742 3656 809 3719; x_wconf 81' lang='lat' dir='ltr'>top.</span> <span class='ocrx_word' id='word_1_213' title='bbox 826 3640 928 3721; x_wconf 64' lang='lat' dir='ltr'>tpoq.</span> <span class='ocrx_word' id='word_1_214' title='bbox 947 3640 964 3699; x_wconf 83' lang='lat'>5</span> <span class='ocrx_word' id='word_1_215' title='bbox 980 3634 1025 3699; x_wconf 83' lang='lat' dir='ltr'>ed.</span> <span class='ocrx_word' id='word_1_216' title='bbox 1047 3638 1146 3701; x_wconf 82' lang='lat' dir='ltr'>Venet.</span> <span class='ocrx_word' id='word_1_217' title='bbox 1163 3642 1254 3703; x_wconf 71' lang='lat' dir='ltr'>llll.</span> 
     </span>
    </p>
   </div>
   <div class='ocr_carea' id='block_1_7' title="bbox 225 3794 1298 4359">
    <p class='ocr_par' dir='ltr' id='par_1_8' title="bbox 225 3794 1298 4287">
     <span class='ocr_line' id='line_1_31' title="bbox 275 3794 1297 3897; baseline 0 -31"><span class='ocrx_word' id='word_1_218' title='bbox 275 3795 307 3897; x_wconf 66' lang='grc' dir='ltr'>ς.</span> <span class='ocrx_word' id='word_1_219' title='bbox 347 3795 426 3866; x_wconf 86' lang='lat' dir='ltr'>Xll.</span> <span class='ocrx_word' id='word_1_220' title='bbox 475 3795 707 3867; x_wconf 82' lang='lat' dir='ltr'>Admittuntur</span> <span class='ocrx_word' id='word_1_221' title='bbox 754 3794 797 3865; x_wconf 86' lang='lat' dir='ltr'>ud</span> <span class='ocrx_word' id='word_1_222' title='bbox 849 3795 1065 3867; x_wconf 79' lang='lat' dir='ltr'>accusandum</span> <span class='ocrx_word' id='word_1_223' title='bbox 1113 3808 1211 3893; x_wconf 84' lang='lat' dir='ltr'>utque</span> <span class='ocrx_word' id='word_1_224' title='bbox 1255 3796 1297 3867; x_wconf 82' lang='lat' dir='ltr'>ud</span> 
     </span>
     <span class='ocr_line' id='line_1_32' title="bbox 228 3894 1298 3992; baseline 0 -29"><span class='ocrx_word' id='word_1_225' title='bbox 228 3896 404 3967; x_wconf 84' lang='lat' dir='ltr'>ferendum</span> <span class='ocrx_word' id='word_1_226' title='bbox 446 3895 668 3965; x_wconf 83' lang='lat' dir='ltr'>testimouium</span> <span class='ocrx_word' id='word_1_227' title='bbox 703 3896 800 3965; x_wconf 82' lang='lat' dir='ltr'>etium</span> <span class='ocrx_word' id='word_1_228' title='bbox 837 3894 990 3981; x_wconf 69' lang='lat' dir='ltr'>infames,</span> <span class='ocrx_word' id='word_1_229' title='bbox 1016 3897 1170 3992; x_wconf 86' lang='lat' dir='ltr'>quonium</span> <span class='ocrx_word' id='word_1_230' title='bbox 1207 3896 1298 3965; x_wconf 89' lang='lat' dir='ltr'>omni</span> 
     </span>
     <span class='ocr_line' id='line_1_33' title="bbox 226 3990 1298 4090; baseline -0.006 -23"><span class='ocrx_word' id='word_1_231' title='bbox 226 4018 292 4090; x_wconf 88' lang='lat' dir='ltr'>ope</span> <span class='ocrx_word' id='word_1_232' title='bbox 316 3992 512 4066; x_wconf 90' lang='lat' dir='ltr'>enitendum</span> <span class='ocrx_word' id='word_1_233' title='bbox 536 4009 598 4079; x_wconf 75' lang='lat' dir='ltr'>est,</span> <span class='ocrx_word' id='word_1_234' title='bbox 625 4009 662 4063; x_wconf 92' lang='lat' dir='ltr'>ut</span> <span class='ocrx_word' id='word_1_235' title='bbox 685 4006 752 4063; x_wconf 74' lang='lat' dir='ltr'>tum</span> <span class='ocrx_word' id='word_1_236' title='bbox 776 4018 873 4089; x_wconf 73' lang='lat' dir='ltr'>grute</span> <span class='ocrx_word' id='word_1_237' title='bbox 891 3994 1036 4082; x_wconf 74' lang='lat' dir='ltr'>odmen,</span> <span class='ocrx_word' id='word_1_238' title='bbox 1071 3990 1160 4089; x_wconf 94' lang='lat' dir='ltr'>quod</span> <span class='ocrx_word' id='word_1_239' title='bbox 1192 3991 1298 4061; x_wconf 86' lang='lat' dir='ltr'>Deum</span> 
     </span>
     <span class='ocr_line' id='line_1_34' title="bbox 225 4084 1298 4287; baseline -0.017 -25"><span class='ocrx_word' id='word_1_240' title='bbox 225 4095 338 4262; x_wconf 64' lang='lat' dir='ltr'>iffi</span> <span class='ocrx_word' id='word_1_241' title='bbox 380 4090 981 4287; x_wconf 51' lang='lat' dir='ltr'>lffliuilliliinillb‘iit</span> <span class='ocrx_word' id='word_1_242' title='bbox 1001 4084 1298 4281; x_wconf 56' lang='lat' dir='ltr'>“iliqiim‘nil</span> 
     </span>
    </p>

    <p class='ocr_par' dir='ltr' id='par_1_9' title="bbox 331 4280 1197 4359">
     <span class='ocr_line' id='line_1_35' title="bbox 331 4280 1197 4359; baseline -0.008 -1"><span class='ocrx_word' id='word_1_243' title='bbox 331 4312 409 4359; x_wconf 78' lang='lat' dir='ltr'>rou.</span> <span class='ocrx_word' id='word_1_244' title='bbox 437 4311 473 4357; x_wconf 87' lang='lat' dir='ltr'>n.</span> <span class='ocrx_word' id='word_1_245' title='bbox 1141 4280 1197 4351; x_wconf 78' lang='lat' dir='ltr'>ll.</span> 
     </span>
    </p>
   </div>
   <div class='ocr_carea' id='block_1_8' title="bbox 0 0 1792 5625">
    <p class='ocr_par' dir='ltr' id='par_1_10' title="bbox 0 0 1792 5625">
     <span class='ocr_line' id='line_1_36' title="bbox 0 0 1792 5625; baseline 0 1"><span class='ocrx_word' id='word_1_246' title='bbox 0 0 1792 5625; x_wconf 95' lang='lat' dir='ltr'> </span> 
     </span>
    </p>
   </div>
  </div>
 </body>
</html>
