3575 5625
809 647 1031 717 -158-

426 797 469 882 (l)
489 803 534 862 De
545 799 592 860 his
602 800 700 882 agitat·
714 800 744 861 in
759 797 846 860 titulo
859 795 973 860 codicis
986 793 1022 860 de
1033 792 1246 858 Dilatioaibus.

426 883 470 1042 p2)
494 884 567 965 Cap.
579 883 620 944 tt
632 881 668 944 de
681 879 812 976 offset
825 885 933 974 potest.
948 874 1041 960 decep.

441 965 470 1043 5)
493 966 566 1047 Cap.
585 967 640 1025 let
651 967 671 1024 l
682 961 718 1026 de
735 960 881 1024 Dtlotsoa.

435 1116 465 1214 §.
494 1117 559 1191 llI.
579 1121 726 1192 'Dantur
749 1119 920 1192 dilationes
949 1117 991 1189 od
1021 1113 1223 1188 induoondos
1252 1129 1347 1186 testes
1377 1113 1455 1210 (l),

386 1213 428 1284 ad
451 1219 657 1314 exceptiones
683 1219 918 1316 peremptorias
948 1211 1177 1312 proponendas
1204 1209 1279 1308 (ᾖ),
1318 1209 1359 1280 ad
1385 1237 1459 1308 pro·

385 1312 520 1384 ferenda
551 1318 789 1407 instrumenta,
830 1315 873 1386 ad
895 1339 930 1386 se
958 1311 1167 1412 purgandum
1194 1309 1269 1408 (ὅ),
1293 1308 1334 1379 ad
1360 1334 1459 1380 aoou-

386 1409 525 1482 sandum
571 1428 606 1483 et
649 1412 814 1509 agendum
860 1412 939 1510 (4),
980 1410 1022 1482 ad
1062 1433 1195 1483 sursum
1233 1405 1460 1506 appellationis

385 1509 652 1606 prosequendum
685 1511 752 1608 ().

426 1679 474 1922 3¹)
495 1681 652 1764 Captiuis
668 1681 789 1746 Probat.

441 1761 471 1842 l)
494 1767 598 1826 canl
617 1775 646 1826 et
658 1767 677 1826 5
690 1785 756 1849 cop.
775 1767 861 1848 dau.
878 1767 910 1828 3.

441 1843 471 1922 5)
495 1846 570 1928 Cap.
587 1847 626 1907 35
637 1845 673 1908 ds
691 1845 797 1909 Tettio.
811 1855 984 1908 stattestat.

429 1925 473 2006 (l)
494 1928 567 2008 Gap.
583 1930 622 1989 ll
636 1926 672 1989 de
686 1929 828 1990 Accusat.

430 2005 473 2086 (ὅ)
495 2010 569 2089 Gap.
584 2010 621 2069 15
632 2007 669 2068 de
685 2007 768 2090 Offio.
778 2008 878 2090 judio.
894 2006 995 2069 ordin.

439 2157 471 2258 ᾗ.
499 2158 559 2229 IV.
587 2158 877 2243 Quemadmodum
908 2163 940 2232 in
970 2160 1097 2262 judicio
1125 2177 1201 2230 sunt
1233 2175 1340 2257 partes
1374 2176 1460 2246 tres,

389 2259 435 2330 ita
463 2255 601 2352 singulas
635 2283 707 2329 suas
747 2258 871 2331 habent
909 2257 1091 2332 dilationes.
1127 2257 1211 2328 llino
1248 2255 1366 2354 triplex
1406 2282 1464 2328 ea-

390 2379 466 2425 rum
504 2379 607 2448 genua
642 2355 865 2452 distinguitur.
904 2355 989 2428 Nam
1027 2355 1098 2426 aliae
1130 2354 1252 2426 dantur
1285 2357 1318 2425 in
1357 2358 1463 2450 prima

389 2449 455 2523 litis
487 2467 601 2549 parte,
640 2453 790 2525 videlioet
825 2480 845 2524 a
881 2455 1034 2525 citatione
1072 2475 1175 2550 usque
1210 2451 1251 2522 ad
1281 2450 1345 2522 litis
1381 2478 1465 2524 eon·

390 2552 617 2639 testationem,
655 2568 690 2621 et
736 2551 788 2623 late
824 2550 876 2622 vel
921 2552 1095 2639 citatorias,
1139 2548 1191 2619 vel
1228 2548 1464 2623 deliberatoriae

392 2662 562 2719 voauntur.
607 2645 773 2721 Citatoniae
815 2647 938 2720 dantur
973 2648 1014 2719 ad
1059 2645 1336 2744 componendum,
1378 2645 1465 2716 dila-

390 2747 484 2817 toriae
513 2742 556 2814 ad
598 2744 867 2838 deliberandum,
912 2771 993 2818 num
1021 2744 1099 2835 ille,
1143 2747 1200 2842 qui
1230 2747 1264 2817 in
1301 2743 1465 2845 judicium

392 2859 523 2913 vocatus
566 2860 638 2935 est,
667 2846 761 2917 litem
797 2848 960 2941 suscipens
994 2843 1124 2915 debeat.
1155 2842 1319 2933 Quaedam
1354 2859 1466 2913 autem

392 2940 619 3012 conoeduntur
660 2969 679 3013 a
724 2941 790 3013 litis
826 2945 1061 3016 oontestotione
1105 2964 1207 3039 usque
1250 2939 1291 3010 ad
1329 2957 1467 3013 senten-

393 3039 493 3128 tiam,
526 3063 602 3133 quae
637 3038 833 3136 probatoria
868 3039 1043 3129 dicuntur,
1073 3062 1149 3137 quae
1179 3035 1300 3109 dautur
1338 3037 1378 3107 ad
1403 3062 1468 3134 pa·

392 3135 511 3207 sandes
558 3134 804 3236 afferendasque
844 3136 1065 3235 probationes.
1104 3135 1255 3231 Denique
1293 3136 1329 3207 in
1371 3136 1467 3207 tertia

393 3229 458 3301 litis
490 3251 583 3330 parte
620 3235 791 3307 dilationes
826 3234 1054 3307 conceduntur
1088 3232 1128 3303 ad,
1161 3232 1355 3303 audiendam
1388 3257 1468 3304 sen-

392 3331 551 3421 tentiam,
581 3332 634 3402 vel
671 3331 865 3403 mandatum
890 3329 1143 3427 exequendum,
1173 3354 1248 3427 quae
1273 3328 1468 3403 delinitoriae

396 3444 644 3523 nuncupantur.

443 3546 474 3647 ᾗ.
514 3545 558 3618 V.
603 3548 804 3620 Dilationum
849 3564 998 3647 tempora
1040 3548 1160 3648 judicis
1196 3548 1342 3621 ollioium
1386 3574 1468 3622 oon-

396 3648 544 3743 quisaoit.
573 3646 616 3716 Et
648 3648 724 3742 quia
755 3643 939 3719 arbitrarius
974 3647 1118 3719 tribuere
1151 3645 1345 3735 dilationes,
1379 3662 1470 3718 actus

396 3758 446 3813 est
473 3741 657 3839 judicialis,
687 3742 808 3817 idciroo
845 3743 1065 3818 coneedendae
1098 3759 1176 3815 sunt
1213 3770 1232 3814 a
1271 3742 1377 3815 'udioe
1408 3768 1470 3841 pro

397 3840 552 3911 tribunali
594 3839 729 3913 sedente
782 3867 942 3941 musaque
979 3845 1108 3939 oognita
1150 3840 1216 3937 (l).
1278 3868 1299 3912 n
1345 3839 1470 3912 dilatio·

399 3940 515 4029 nibus,
547 3962 622 4037 qua
657 3963 675 4009 a
705 3941 783 4041 jure
817 3938 960 4028 dantur,
1005 3936 1097 4011 nulla
1136 3962 1241 4013 osusae
1285 3939 1472 4037 cognitione

401 4061 483 4132 opus
505 4053 566 4109 est.

440 4212 483 4292 (l)
506 4214 581 4274 Coa.
596 4208 654 4273 ult.
667 4229 736 4293 sap.
752 4212 771 4273 ὅ
785 4228 840 4293 pa.
858 4213 888 4273 3.
