<?xml version="1.0" encoding="UTF-8"?>
<!DOCTYPE html PUBLIC "-//W3C//DTD XHTML 1.0 Transitional//EN"
    "http://www.w3.org/TR/xhtml1/DTD/xhtml1-transitional.dtd">
<html xmlns="http://www.w3.org/1999/xhtml" xml:lang="en" lang="en">
 <head>
  <title>
</title>
<meta http-equiv="Content-Type" content="text/html;charset=utf-8" />
  <meta name='ocr-system' content='tesseract 3.04.00' />
  <meta name='ocr-capabilities' content='ocr_page ocr_carea ocr_par ocr_line ocrx_word'/>
</head>
<body>
  <div class='ocr_page' id='page_1' title='image "./institutionumca01devogoog_0102.png"; bbox 0 0 3575 5625; ppageno 0'>
   <div class='ocr_carea' id='block_1_1' title="bbox 690 716 888 786">
    <p class='ocr_par' dir='ltr' id='par_1_1' title="bbox 690 716 888 786">
     <span class='ocr_line' id='line_1_1' title="bbox 690 716 888 786; baseline 0.015 -16"><span class='ocrx_word' id='word_1_1' title='bbox 690 716 888 786; x_wconf 75' lang='lat'><strong>..95-</strong></span> 
     </span>
    </p>
   </div>
   <div class='ocr_carea' id='block_1_2' title="bbox 185 860 1330 1658">
    <p class='ocr_par' dir='ltr' id='par_1_2' title="bbox 185 860 1328 1355">
     <span class='ocr_line' id='line_1_2' title="bbox 185 860 1322 949; baseline 0.004 -26"><span class='ocrx_word' id='word_1_2' title='bbox 185 943 189 949; x_wconf 20' lang='grc'><strong><em>1</em></strong></span> <span class='ocrx_word' id='word_1_3' title='bbox 283 863 315 944; x_wconf 84' lang='lat' dir='ltr'><strong>(i</strong></span> <span class='ocrx_word' id='word_1_4' title='bbox 352 860 768 946; x_wconf 70' lang='lat' dir='ltr'><strong>L.lff.deConfesaia‚·L.</strong></span> <span class='ocrx_word' id='word_1_5' title='bbox 792 864 1054 929; x_wconf 66' lang='lat' dir='ltr'><strong>reconderem</strong></span> <span class='ocrx_word' id='word_1_6' title='bbox 1078 883 1322 948; x_wconf 67' lang='lat' dir='ltr'><strong>nonenpeooo.</strong></span> 
     </span>
     <span class='ocr_line' id='line_1_3' title="bbox 249 943 1327 1028; baseline 0.007 -26"><span class='ocrx_word' id='word_1_7' title='bbox 249 1009 255 1016; x_wconf 56' lang='grc'>,</span> <span class='ocrx_word' id='word_1_8' title='bbox 285 946 321 1024; x_wconf 74' lang='lat'><strong>(2</strong></span> <span class='ocrx_word' id='word_1_9' title='bbox 353 946 390 1006; x_wconf 92' lang='lat' dir='ltr'><strong>L.</strong></span> <span class='ocrx_word' id='word_1_10' title='bbox 415 949 429 1006; x_wconf 88' lang='lat' dir='ltr'><strong>l</strong></span> <span class='ocrx_word' id='word_1_11' title='bbox 452 943 723 1028; x_wconf 68' lang='lat' dir='ltr'><strong>ffideConfeaaic3</strong></span> <span class='ocrx_word' id='word_1_12' title='bbox 748 948 783 1008; x_wconf 93' lang='lat' dir='ltr'><strong>L.</strong></span> <span class='ocrx_word' id='word_1_13' title='bbox 810 947 892 1009; x_wconf 68' lang='lat' dir='ltr'><strong>unm.</strong></span> <span class='ocrx_word' id='word_1_14' title='bbox 926 946 989 1009; x_wconf 86' lang='lat' dir='ltr'><strong>eod.</strong></span> <span class='ocrx_word' id='word_1_15' title='bbox 1020 947 1081 1010; x_wconf 87' lang='lat' dir='ltr'><strong>eod.</strong></span> <span class='ocrx_word' id='word_1_16' title='bbox 1106 949 1244 1012; x_wconf 83' lang='lat' dir='ltr'><strong>confiteri</strong></span> <span class='ocrx_word' id='word_1_17' title='bbox 1272 968 1327 1010; x_wconf 86' lang='lat' dir='ltr'><strong>au·</strong></span> 
     </span>
     <span class='ocr_line' id='line_1_4' title="bbox 240 1026 1325 1111; baseline 0.003 -24"><span class='ocrx_word' id='word_1_18' title='bbox 240 1035 327 1102; x_wconf 89' lang='lat' dir='ltr'><strong>tem,</strong></span> <span class='ocrx_word' id='word_1_19' title='bbox 342 1027 443 1106; x_wconf 91' lang='lat' dir='ltr'><strong>inquit</strong></span> <span class='ocrx_word' id='word_1_20' title='bbox 460 1027 567 1088; x_wconf 86' lang='lat' dir='ltr'><strong>Paulus</strong></span> <span class='ocrx_word' id='word_1_21' title='bbox 583 1037 691 1109; x_wconf 80' lang='lat' dir='ltr'><strong><em>recept.</em></strong></span> <span class='ocrx_word' id='word_1_22' title='bbox 708 1038 833 1090; x_wconf 82' lang='lat' dir='ltr'><strong>sentent.</strong></span> <span class='ocrx_word' id='word_1_23' title='bbox 853 1026 875 1091; x_wconf 88' lang='lat' dir='ltr'><strong>l.</strong></span> <span class='ocrx_word' id='word_1_24' title='bbox 897 1034 916 1091; x_wconf 84' lang='grc'><strong>5</strong></span> <span class='ocrx_word' id='word_1_25' title='bbox 935 1029 962 1110; x_wconf 73' lang='lat' dir='ltr'><strong>S.</strong></span> <span class='ocrx_word' id='word_1_26' title='bbox 981 1031 998 1090; x_wconf 99' lang='grc'><strong>5</strong></span> <span class='ocrx_word' id='word_1_27' title='bbox 1016 1030 1094 1109; x_wconf 86' lang='lat' dir='ltr'><strong>apud</strong></span> <span class='ocrx_word' id='word_1_28' title='bbox 1110 1029 1325 1111; x_wconf 75' lang='lat' dir='ltr'><strong>Schultingium</strong></span> 
     </span>
     <span class='ocr_line' id='line_1_5' title="bbox 242 1107 1328 1193; baseline 0.003 -24"><span class='ocrx_word' id='word_1_29' title='bbox 242 1107 302 1170; x_wconf 89' lang='lat' dir='ltr'><strong>loc.</strong></span> <span class='ocrx_word' id='word_1_30' title='bbox 327 1108 380 1169; x_wconf 83' lang='lat' dir='ltr'><strong>cit.</strong></span> <span class='ocrx_word' id='word_1_31' title='bbox 406 1127 481 1191; x_wconf 69' lang='lat' dir='ltr'><strong>pop.</strong></span> <span class='ocrx_word' id='word_1_32' title='bbox 507 1111 582 1184; x_wconf 79' lang='lat' dir='ltr'><strong>tte,</strong></span> <span class='ocrx_word' id='word_1_33' title='bbox 606 1109 676 1193; x_wconf 82' lang='lat' dir='ltr'><strong>quis</strong></span> <span class='ocrx_word' id='word_1_34' title='bbox 697 1109 861 1193; x_wconf 80' lang='lat' dir='ltr'><strong>injudicio</strong></span> <span class='ocrx_word' id='word_1_35' title='bbox 884 1131 944 1173; x_wconf 81' lang='lat' dir='ltr'><strong>noo</strong></span> <span class='ocrx_word' id='word_1_36' title='bbox 960 1119 1077 1172; x_wconf 83' lang='lat' dir='ltr'><strong>tontum</strong></span> <span class='ocrx_word' id='word_1_37' title='bbox 1096 1130 1153 1172; x_wconf 84' lang='lat' dir='ltr'><strong>auo</strong></span> <span class='ocrx_word' id='word_1_38' title='bbox 1175 1129 1254 1187; x_wconf 82' lang='lat' dir='ltr'><strong>eoae,</strong></span> <span class='ocrx_word' id='word_1_39' title='bbox 1275 1109 1328 1173; x_wconf 84' lang='lat' dir='ltr'><strong>sed</strong></span> 
     </span>
     <span class='ocr_line' id='line_1_6' title="bbox 240 1188 1328 1285; baseline 0.001 -33"><span class='ocrx_word' id='word_1_40' title='bbox 240 1200 271 1252; x_wconf 86' lang='lat' dir='ltr'><strong>et</strong></span> <span class='ocrx_word' id='word_1_41' title='bbox 283 1188 397 1252; x_wconf 68' lang='lat' dir='ltr'><strong>titteris</strong></span> <span class='ocrx_word' id='word_1_42' title='bbox 406 1198 436 1250; x_wconf 88' lang='lat' dir='ltr'><strong>et</strong></span> <span class='ocrx_word' id='word_1_43' title='bbox 445 1208 632 1285; x_wconf 74' lang='lat' dir='ltr'><strong>quocumque</strong></span> <span class='ocrx_word' id='word_1_44' title='bbox 645 1190 732 1253; x_wconf 86' lang='lat' dir='ltr'><strong>modo</strong></span> <span class='ocrx_word' id='word_1_45' title='bbox 742 1199 848 1274; x_wconf 86' lang='lat' dir='ltr'><strong>potest.</strong></span> <span class='ocrx_word' id='word_1_46' title='bbox 862 1195 971 1254; x_wconf 87' lang='lat' dir='ltr'><strong>Locum</strong></span> <span class='ocrx_word' id='word_1_47' title='bbox 987 1191 1066 1254; x_wconf 90' lang='lat' dir='ltr'><strong>buno</strong></span> <span class='ocrx_word' id='word_1_48' title='bbox 1076 1193 1158 1254; x_wconf 83' lang='lat' dir='ltr'><strong>Pauli</strong></span> <span class='ocrx_word' id='word_1_49' title='bbox 1171 1192 1328 1273; x_wconf 78' lang='lat' dir='ltr'><strong>diligenter</strong></span> 
     </span>
     <span class='ocr_line' id='line_1_7' title="bbox 240 1271 877 1355; baseline -0.002 -20"><span class='ocrx_word' id='word_1_50' title='bbox 240 1273 396 1352; x_wconf 84' lang='lat' dir='ltr'><strong>explicant</strong></span> <span class='ocrx_word' id='word_1_51' title='bbox 407 1273 541 1351; x_wconf 69' lang='lat' dir='ltr'><strong>cujacius</strong></span> <span class='ocrx_word' id='word_1_52' title='bbox 551 1281 581 1332; x_wconf 92' lang='lat' dir='ltr'><strong>ct</strong></span> <span class='ocrx_word' id='word_1_53' title='bbox 594 1273 795 1355; x_wconf 75' lang='lat' dir='ltr'><strong>Schultiugius</strong></span> <span class='ocrx_word' id='word_1_54' title='bbox 805 1271 877 1335; x_wconf 77' lang='lat' dir='ltr'><strong>ibid.</strong></span> 
     </span>
    </p>

    <p class='ocr_par' dir='ltr' id='par_1_3' title="bbox 240 1353 1329 1517">
     <span class='ocr_line' id='line_1_8' title="bbox 285 1353 1329 1437; baseline 0.002 -23"><span class='ocrx_word' id='word_1_55' title='bbox 285 1354 334 1435; x_wconf 86' lang='grc'><strong>(5)</strong></span> <span class='ocrx_word' id='word_1_56' title='bbox 353 1354 608 1417; x_wconf 66' lang='lat' dir='ltr'><strong>contendissem</strong></span> <span class='ocrx_word' id='word_1_57' title='bbox 632 1353 665 1414; x_wconf 82' lang='lat' dir='ltr'><strong>in</strong></span> <span class='ocrx_word' id='word_1_58' title='bbox 683 1373 710 1415; x_wconf 92' lang='lat' dir='ltr'><strong>c.</strong></span> <span class='ocrx_word' id='word_1_59' title='bbox 725 1353 783 1417; x_wconf 80' lang='lat' dir='ltr'><strong>alt.</strong></span> <span class='ocrx_word' id='word_1_60' title='bbox 804 1354 840 1417; x_wconf 86' lang='lat' dir='ltr'><strong>de</strong></span> <span class='ocrx_word' id='word_1_61' title='bbox 866 1353 1026 1437; x_wconf 70' lang='lat' dir='ltr'><strong><em>confessis.</em></strong></span> <span class='ocrx_word' id='word_1_62' title='bbox 1056 1354 1204 1417; x_wconf 78' lang='lat' dir='ltr'><strong>Confessio</strong></span> <span class='ocrx_word' id='word_1_63' title='bbox 1232 1372 1329 1416; x_wconf 85' lang='lat' dir='ltr'><strong>coram</strong></span> 
     </span>
     <span class='ocr_line' id='line_1_9' title="bbox 240 1435 1326 1517; baseline 0.001 -20"><span class='ocrx_word' id='word_1_64' title='bbox 240 1438 467 1515; x_wconf 77' lang='lat' dir='ltr'><strong>incompetente</strong></span> <span class='ocrx_word' id='word_1_65' title='bbox 478 1436 579 1514; x_wconf 82' lang='lat' dir='ltr'><strong>judice</strong></span> <span class='ocrx_word' id='word_1_66' title='bbox 590 1437 694 1498; x_wconf 86' lang='lat' dir='ltr'><strong>emissa</strong></span> <span class='ocrx_word' id='word_1_67' title='bbox 708 1436 934 1517; x_wconf 86' lang='lat' dir='ltr'><strong>extrajudieialis</strong></span> <span class='ocrx_word' id='word_1_68' title='bbox 949 1437 1138 1498; x_wconf 80' lang='lat' dir='ltr'><strong>consessionis</strong></span> <span class='ocrx_word' id='word_1_69' title='bbox 1151 1436 1210 1496; x_wconf 85' lang='lat' dir='ltr'><strong>vim</strong></span> <span class='ocrx_word' id='word_1_70' title='bbox 1227 1435 1326 1498; x_wconf 83' lang='lat' dir='ltr'><strong>babet.</strong></span> 
     </span>
    </p>

    <p class='ocr_par' dir='ltr' id='par_1_4' title="bbox 289 1515 1330 1658">
     <span class='ocr_line' id='line_1_10' title="bbox 289 1515 1330 1658; baseline 0.001 -81"><span class='ocrx_word' id='word_1_71' title='bbox 289 1517 337 1658; x_wconf 54' lang='lat' dir='ltr'><strong>(tp</strong></span> <span class='ocrx_word' id='word_1_72' title='bbox 359 1520 431 1600; x_wconf 81' lang='lat' dir='ltr'><strong>Cap.</strong></span> <span class='ocrx_word' id='word_1_73' title='bbox 449 1520 467 1578; x_wconf 92' lang='grc'><strong>5</strong></span> <span class='ocrx_word' id='word_1_74' title='bbox 483 1515 520 1578; x_wconf 85' lang='lat' dir='ltr'><strong>de</strong></span> <span class='ocrx_word' id='word_1_75' title='bbox 535 1515 695 1598; x_wconf 77' lang='lat' dir='ltr'><strong>Confessio,</strong></span> <span class='ocrx_word' id='word_1_76' title='bbox 715 1521 752 1579; x_wconf 82' lang='lat' dir='ltr'><strong>L.</strong></span> <span class='ocrx_word' id='word_1_77' title='bbox 773 1516 923 1602; x_wconf 68' lang='lat' dir='ltr'><strong>lffieod.</strong></span> <span class='ocrx_word' id='word_1_78' title='bbox 948 1522 1059 1580; x_wconf 86' lang='lat' dir='ltr'><strong>Verum</strong></span> <span class='ocrx_word' id='word_1_79' title='bbox 1082 1519 1120 1580; x_wconf 90' lang='lat' dir='ltr'><strong>de</strong></span> <span class='ocrx_word' id='word_1_80' title='bbox 1141 1535 1240 1578; x_wconf 88' lang='lat' dir='ltr'><strong>errore</strong></span> <span class='ocrx_word' id='word_1_81' title='bbox 1252 1519 1330 1598; x_wconf 85' lang='lat' dir='ltr'><strong>juris</strong></span> 
     </span>
    </p>
   </div>
   <div class='ocr_carea' id='block_1_3' title="bbox 242 1599 1330 1681">
    <p class='ocr_par' dir='ltr' id='par_1_5' title="bbox 242 1599 1330 1681">
     <span class='ocr_line' id='line_1_11' title="bbox 242 1599 1330 1681; baseline 0 -22"><span class='ocrx_word' id='word_1_82' title='bbox 242 1599 310 1659; x_wconf 88' lang='lat' dir='ltr'><strong>aliu</strong></span> <span class='ocrx_word' id='word_1_83' title='bbox 363 1609 407 1659; x_wconf 88' lang='lat' dir='ltr'><strong>est</strong></span> <span class='ocrx_word' id='word_1_84' title='bbox 432 1619 449 1658; x_wconf 89' lang='lat' dir='ltr'><strong>a</strong></span> <span class='ocrx_word' id='word_1_85' title='bbox 473 1599 588 1680; x_wconf 76' lang='lat' dir='ltr'><strong>legibus</strong></span> <span class='ocrx_word' id='word_1_86' title='bbox 616 1600 819 1662; x_wconf 89' lang='lat' dir='ltr'><strong>constitutum.</strong></span> <span class='ocrx_word' id='word_1_87' title='bbox 850 1604 954 1679; x_wconf 86' lang='lat' dir='ltr'><strong>Recte,</strong></span> <span class='ocrx_word' id='word_1_88' title='bbox 985 1610 1093 1681; x_wconf 73' lang='lat' dir='ltr'><strong>praeter</strong></span> <span class='ocrx_word' id='word_1_89' title='bbox 1119 1607 1245 1676; x_wconf 87' lang='lat' dir='ltr'><strong>ceteros,</strong></span> <span class='ocrx_word' id='word_1_90' title='bbox 1274 1599 1330 1660; x_wconf 88' lang='lat' dir='ltr'><strong>boc</strong></span> 
     </span>
    </p>
   </div>
   <div class='ocr_carea' id='block_1_4' title="bbox 242 1678 1330 1928">
    <p class='ocr_par' dir='ltr' id='par_1_6' title="bbox 242 1678 1330 1928">
     <span class='ocr_line' id='line_1_12' title="bbox 242 1678 1330 1765; baseline 0.001 -25"><span class='ocrx_word' id='word_1_91' title='bbox 242 1689 460 1762; x_wconf 73' lang='lat' dir='ltr'><strong>argumentum</strong></span> <span class='ocrx_word' id='word_1_92' title='bbox 483 1689 702 1760; x_wconf 89' lang='lat' dir='ltr'><strong>persequuntur</strong></span> <span class='ocrx_word' id='word_1_93' title='bbox 724 1682 864 1745; x_wconf 88' lang='lat' dir='ltr'><strong>Donellus</strong></span> <span class='ocrx_word' id='word_1_94' title='bbox 887 1680 926 1744; x_wconf 82' lang='lat' dir='ltr'><strong>ad</strong></span> <span class='ocrx_word' id='word_1_95' title='bbox 952 1683 987 1743; x_wconf 87' lang='grc'><strong>5.</strong></span> <span class='ocrx_word' id='word_1_96' title='bbox 1011 1685 1030 1744; x_wconf 72' lang='lat'><strong>2</strong></span> <span class='ocrx_word' id='word_1_97' title='bbox 1054 1680 1089 1765; x_wconf 69' lang='lat' dir='ltr'><strong>ff.</strong></span> <span class='ocrx_word' id='word_1_98' title='bbox 1117 1681 1152 1743; x_wconf 84' lang='lat' dir='ltr'><strong>de</strong></span> <span class='ocrx_word' id='word_1_99' title='bbox 1181 1678 1330 1762; x_wconf 65' lang='lat' dir='ltr'><strong>confessis</strong></span> 
     </span>
     <span class='ocr_line' id='line_1_13' title="bbox 244 1759 1329 1907; baseline 0.001 -85"><span class='ocrx_word' id='word_1_100' title='bbox 244 1781 322 1907; x_wconf 53' lang='grc' dir='ltr'><strong>Ἠ.</strong></span> <span class='ocrx_word' id='word_1_101' title='bbox 340 1770 412 1823; x_wconf 86' lang='lat' dir='ltr'><strong>tom.</strong></span> <span class='ocrx_word' id='word_1_102' title='bbox 431 1765 466 1822; x_wconf 89' lang='lat' dir='ltr'><strong>ll</strong></span> <span class='ocrx_word' id='word_1_103' title='bbox 483 1759 539 1858; x_wconf 81' lang='lat' dir='ltr'><strong>eol.</strong></span> <span class='ocrx_word' id='word_1_104' title='bbox 558 1766 617 1824; x_wconf 78' lang='grc'><strong>595</strong></span> <span class='ocrx_word' id='word_1_105' title='bbox 634 1772 662 1824; x_wconf 91' lang='lat' dir='ltr'><strong>ct</strong></span> <span class='ocrx_word' id='word_1_106' title='bbox 681 1780 742 1848; x_wconf 84' lang='lat' dir='ltr'><strong>seq.</strong></span> <span class='ocrx_word' id='word_1_107' title='bbox 762 1762 809 1824; x_wconf 86' lang='lat' dir='ltr'><strong>ed.</strong></span> <span class='ocrx_word' id='word_1_108' title='bbox 830 1764 1057 1859; x_wconf 28' lang='lat' dir='ltr'><strong>LocaeUcit.,.et</strong></span> <span class='ocrx_word' id='word_1_109' title='bbox 1075 1762 1208 1858; x_wconf 72' lang='lat' dir='ltr'><strong>Cuiacius</strong></span> <span class='ocrx_word' id='word_1_110' title='bbox 1222 1760 1262 1822; x_wconf 84' lang='lat' dir='ltr'><strong>nd</strong></span> <span class='ocrx_word' id='word_1_111' title='bbox 1282 1760 1329 1823; x_wconf 82' lang='lat' dir='ltr'><strong>tt&#39;t.</strong></span> 
     </span>
     <span class='ocr_line' id='line_1_14' title="bbox 309 1841 1166 1928; baseline 0.001 -24"><span class='ocrx_word' id='word_1_112' title='bbox 309 1841 365 1905; x_wconf 90' lang='lat' dir='ltr'><strong>.de</strong></span> <span class='ocrx_word' id='word_1_113' title='bbox 376 1843 524 1926; x_wconf 76' lang='lat' dir='ltr'><strong>consessas</strong></span> <span class='ocrx_word' id='word_1_114' title='bbox 537 1863 606 1928; x_wconf 91' lang='lat' dir='ltr'><strong>opp.</strong></span> <span class='ocrx_word' id='word_1_115' title='bbox 622 1848 724 1908; x_wconf 69' lang='lat' dir='ltr'><strong>tonat</strong></span> <span class='ocrx_word' id='word_1_116' title='bbox 739 1843 795 1908; x_wconf 84' lang='lat' dir='ltr'><strong>col.</strong></span> <span class='ocrx_word' id='word_1_117' title='bbox 810 1848 889 1906; x_wconf 69' lang='grc'><strong>1055</strong></span> <span class='ocrx_word' id='word_1_118' title='bbox 904 1853 954 1906; x_wconf 80' lang='lat' dir='ltr'><strong>est.</strong></span> <span class='ocrx_word' id='word_1_119' title='bbox 968 1843 1038 1907; x_wconf 70' lang='lat' dir='ltr'><strong>edet.</strong></span> <span class='ocrx_word' id='word_1_120' title='bbox 1052 1847 1166 1906; x_wconf 79' lang='lat' dir='ltr'><strong>Metto.</strong></span> 
     </span>
    </p>
   </div>
   <div class='ocr_carea' id='block_1_5' title="bbox 245 1920 1330 2084">
    <p class='ocr_par' dir='ltr' id='par_1_7' title="bbox 245 1920 1330 2084">
     <span class='ocr_line' id='line_1_15' title="bbox 291 1920 1329 2011; baseline -0.002 -25"><span class='ocrx_word' id='word_1_121' title='bbox 291 1925 337 2006; x_wconf 79' lang='grc'><strong>(5)</strong></span> <span class='ocrx_word' id='word_1_122' title='bbox 357 1928 392 1986; x_wconf 97' lang='grc'><strong>5.</strong></span> <span class='ocrx_word' id='word_1_123' title='bbox 414 1929 432 1987; x_wconf 92' lang='grc'><strong>5</strong></span> <span class='ocrx_word' id='word_1_124' title='bbox 449 1935 478 1987; x_wconf 89' lang='lat' dir='ltr'><strong>et</strong></span> <span class='ocrx_word' id='word_1_125' title='bbox 491 1927 528 1987; x_wconf 90' lang='lat' dir='ltr'><strong>L.</strong></span> <span class='ocrx_word' id='word_1_126' title='bbox 545 1931 564 1988; x_wconf 91' lang='lat'><strong>6</strong></span> <span class='ocrx_word' id='word_1_127' title='bbox 580 1926 615 2011; x_wconf 69' lang='lat' dir='ltr'><strong>ff.</strong></span> <span class='ocrx_word' id='word_1_128' title='bbox 631 1926 668 1987; x_wconf 86' lang='lat' dir='ltr'><strong>de</strong></span> <span class='ocrx_word' id='word_1_129' title='bbox 684 1927 837 2010; x_wconf 71' lang='lat' dir='ltr'><strong>Conseas.,·</strong></span> <span class='ocrx_word' id='word_1_130' title='bbox 859 1928 893 1987; x_wconf 88' lang='lat' dir='ltr'><strong>L.</strong></span> <span class='ocrx_word' id='word_1_131' title='bbox 913 1925 984 2009; x_wconf 66' lang='lat' dir='ltr'><strong>siff.</strong></span> <span class='ocrx_word' id='word_1_132' title='bbox 1013 1925 1049 1988; x_wconf 88' lang='lat' dir='ltr'><strong>de</strong></span> <span class='ocrx_word' id='word_1_133' title='bbox 1073 1930 1142 1988; x_wconf 76' lang='lat' dir='ltr'><strong>tur.</strong></span> <span class='ocrx_word' id='word_1_134' title='bbox 1157 1920 1237 2008; x_wconf 79' lang='lat' dir='ltr'><strong>fisci.</strong></span> <span class='ocrx_word' id='word_1_135' title='bbox 1257 1925 1329 1986; x_wconf 86' lang='lat' dir='ltr'><strong>Nam</strong></span> 
     </span>
     <span class='ocr_line' id='line_1_16' title="bbox 245 2008 1330 2084; baseline 0.001 -17"><span class='ocrx_word' id='word_1_136' title='bbox 245 2009 401 2069; x_wconf 76' lang='lat' dir='ltr'><strong>confessus</strong></span> <span class='ocrx_word' id='word_1_137' title='bbox 425 2009 570 2068; x_wconf 88' lang='lat' dir='ltr'><strong>incertum</strong></span> <span class='ocrx_word' id='word_1_138' title='bbox 589 2009 736 2070; x_wconf 84' lang='lat' dir='ltr'><strong>declarare</strong></span> <span class='ocrx_word' id='word_1_139' title='bbox 760 2009 864 2084; x_wconf 89' lang='lat' dir='ltr'><strong>debet,</strong></span> <span class='ocrx_word' id='word_1_140' title='bbox 890 2017 924 2069; x_wconf 91' lang='lat' dir='ltr'><strong>ut</strong></span> <span class='ocrx_word' id='word_1_141' title='bbox 942 2009 1038 2071; x_wconf 92' lang='lat' dir='ltr'><strong>omnis</strong></span> <span class='ocrx_word' id='word_1_142' title='bbox 1060 2008 1204 2071; x_wconf 71' lang='lat' dir='ltr'><strong>dubitatio</strong></span> <span class='ocrx_word' id='word_1_143' title='bbox 1231 2025 1330 2070; x_wconf 82' lang='lat' dir='ltr'><strong>reino-</strong></span> 
     </span>
    </p>
   </div>
   <div class='ocr_carea' id='block_1_6' title="bbox 245 2087 1077 2256">
    <p class='ocr_par' dir='ltr' id='par_1_8' title="bbox 245 2087 1077 2256">
     <span class='ocr_line' id='line_1_17' title="bbox 245 2087 988 2185; baseline 0.004 -39"><span class='ocrx_word' id='word_1_144' title='bbox 245 2090 401 2150; x_wconf 76' lang='lat' dir='ltr'><strong>seaturL.</strong></span> <span class='ocrx_word' id='word_1_145' title='bbox 418 2093 458 2150; x_wconf 73' lang='lat' dir='ltr'><strong>it</strong></span> <span class='ocrx_word' id='word_1_146' title='bbox 470 2089 498 2172; x_wconf 82' lang='lat'><strong>§.</strong></span> <span class='ocrx_word' id='word_1_147' title='bbox 512 2087 601 2151; x_wconf 76' lang='lat' dir='ltr'><strong>Ntttt</strong></span> <span class='ocrx_word' id='word_1_148' title='bbox 610 2091 646 2151; x_wconf 91' lang='lat' dir='ltr'><strong>L.</strong></span> <span class='ocrx_word' id='word_1_149' title='bbox 660 2088 696 2151; x_wconf 87' lang='lat' dir='ltr'><strong>dc</strong></span> <span class='ocrx_word' id='word_1_150' title='bbox 711 2094 861 2185; x_wconf 72' lang='lat' dir='ltr'><strong>Interrop.</strong></span> <span class='ocrx_word' id='word_1_151' title='bbox 877 2088 988 2152; x_wconf 79' lang='lat' dir='ltr'><strong>oetion.</strong></span> 
     </span>
     <span class='ocr_line' id='line_1_18' title="bbox 292 2169 1077 2256; baseline 0.005 -26"><span class='ocrx_word' id='word_1_152' title='bbox 292 2171 337 2251; x_wconf 85' lang='grc'><strong>(6)</strong></span> <span class='ocrx_word' id='word_1_153' title='bbox 357 2169 463 2232; x_wconf 79' lang='lat' dir='ltr'><strong>Noocl.</strong></span> <span class='ocrx_word' id='word_1_154' title='bbox 478 2174 518 2234; x_wconf 84' lang='grc'><strong>90</strong></span> <span class='ocrx_word' id='word_1_155' title='bbox 529 2191 556 2234; x_wconf 92' lang='lat' dir='ltr'><strong>c.</strong></span> <span class='ocrx_word' id='word_1_156' title='bbox 570 2175 601 2244; x_wconf 72' lang='lat'><strong>2,</strong></span> <span class='ocrx_word' id='word_1_157' title='bbox 613 2169 707 2235; x_wconf 76' lang='lat' dir='ltr'><strong>Aust.</strong></span> <span class='ocrx_word' id='word_1_158' title='bbox 724 2174 831 2256; x_wconf 71' lang='lat' dir='ltr'><strong>Ilopote</strong></span> <span class='ocrx_word' id='word_1_159' title='bbox 841 2170 906 2234; x_wconf 89' lang='lat' dir='ltr'><strong>cod.</strong></span> <span class='ocrx_word' id='word_1_160' title='bbox 922 2169 957 2234; x_wconf 85' lang='lat' dir='ltr'><strong>de</strong></span> <span class='ocrx_word' id='word_1_161' title='bbox 971 2169 1077 2234; x_wconf 84' lang='lat' dir='ltr'><strong>Testrb.</strong></span> 
     </span>
    </p>
   </div>
   <div class='ocr_carea' id='block_1_7' title="bbox 121 2291 1336 3976">
    <p class='ocr_par' dir='ltr' id='par_1_9' title="bbox 246 2291 1331 2585">
     <span class='ocr_line' id='line_1_19' title="bbox 302 2291 1330 2393; baseline 0.008 -34"><span class='ocrx_word' id='word_1_162' title='bbox 302 2291 334 2392; x_wconf 60' lang='grc' dir='ltr'><strong>ς.</strong></span> <span class='ocrx_word' id='word_1_163' title='bbox 375 2291 418 2362; x_wconf 80' lang='lat' dir='ltr'><strong>V.</strong></span> <span class='ocrx_word' id='word_1_164' title='bbox 459 2293 512 2363; x_wconf 78' lang='lat' dir='ltr'><strong>Ad</strong></span> <span class='ocrx_word' id='word_1_165' title='bbox 549 2292 740 2366; x_wconf 81' lang='lat' dir='ltr'><strong>eliciendam</strong></span> <span class='ocrx_word' id='word_1_166' title='bbox 779 2293 864 2365; x_wconf 89' lang='lat' dir='ltr'><strong>bane</strong></span> <span class='ocrx_word' id='word_1_167' title='bbox 901 2293 1134 2366; x_wconf 63' lang='lat' dir='ltr'><strong>consensionem</strong></span> <span class='ocrx_word' id='word_1_168' title='bbox 1164 2296 1236 2393; x_wconf 83' lang='lat' dir='ltr'><strong>jam</strong></span> <span class='ocrx_word' id='word_1_169' title='bbox 1272 2296 1330 2367; x_wconf 88' lang='lat' dir='ltr'><strong>diu</strong></span> 
     </span>
     <span class='ocr_line' id='line_1_20' title="bbox 246 2389 1331 2490; baseline 0.002 -29"><span class='ocrx_word' id='word_1_170' title='bbox 246 2406 424 2487; x_wconf 77' lang='lat' dir='ltr'><strong>receptum</strong></span> <span class='ocrx_word' id='word_1_171' title='bbox 468 2406 535 2480; x_wconf 76' lang='lat' dir='ltr'><strong>est,</strong></span> <span class='ocrx_word' id='word_1_172' title='bbox 577 2407 616 2462; x_wconf 90' lang='lat' dir='ltr'><strong>ut</strong></span> <span class='ocrx_word' id='word_1_173' title='bbox 660 2391 859 2486; x_wconf 86' lang='lat' dir='ltr'><strong>litigantium</strong></span> <span class='ocrx_word' id='word_1_174' title='bbox 904 2389 986 2461; x_wconf 89' lang='lat' dir='ltr'><strong>alter</strong></span> <span class='ocrx_word' id='word_1_175' title='bbox 1031 2390 1124 2461; x_wconf 87' lang='lat' dir='ltr'><strong>alteri</strong></span> <span class='ocrx_word' id='word_1_176' title='bbox 1168 2409 1331 2490; x_wconf 88' lang='lat' dir='ltr'><strong>proponat</strong></span> 
     </span>
     <span class='ocr_line' id='line_1_21' title="bbox 246 2489 1329 2585; baseline 0.006 -30"><span class='ocrx_word' id='word_1_177' title='bbox 246 2490 451 2584; x_wconf 78' lang='lat' dir='ltr'><strong>positiones,</strong></span> <span class='ocrx_word' id='word_1_178' title='bbox 500 2490 566 2559; x_wconf 81' lang='lat' dir='ltr'><strong>sive</strong></span> <span class='ocrx_word' id='word_1_179' title='bbox 620 2489 770 2561; x_wconf 80' lang='lat' dir='ltr'><strong>articulos</strong></span> <span class='ocrx_word' id='word_1_180' title='bbox 820 2491 1027 2585; x_wconf 75' lang='lat' dir='ltr'><strong>respicientes</strong></span> <span class='ocrx_word' id='word_1_181' title='bbox 1084 2514 1149 2561; x_wconf 91' lang='lat' dir='ltr'><strong>non</strong></span> <span class='ocrx_word' id='word_1_182' title='bbox 1202 2516 1329 2562; x_wconf 88' lang='lat' dir='ltr'><strong>causam</strong></span> 
     </span>
    </p>

    <p class='ocr_par' dir='ltr' id='par_1_10' title="bbox 121 2584 1334 3858">
     <span class='ocr_line' id='line_1_22' title="bbox 121 2584 1331 2684; baseline 0.005 -31"><span class='ocrx_word' id='word_1_183' title='bbox 121 2670 122 2674; x_wconf 7' lang='grc' dir='ltr'><strong>Ἰ</strong></span> <span class='ocrx_word' id='word_1_184' title='bbox 248 2587 462 2675; x_wconf 79' lang='lat' dir='ltr'><strong>universam,</strong></span> <span class='ocrx_word' id='word_1_185' title='bbox 496 2584 553 2658; x_wconf 91' lang='lat' dir='ltr'><strong>sed</strong></span> <span class='ocrx_word' id='word_1_186' title='bbox 582 2586 665 2656; x_wconf 88' lang='lat' dir='ltr'><strong>sacta</strong></span> <span class='ocrx_word' id='word_1_187' title='bbox 702 2585 853 2683; x_wconf 73' lang='lat' dir='ltr'><strong>quaedam</strong></span> <span class='ocrx_word' id='word_1_188' title='bbox 883 2611 959 2682; x_wconf 86' lang='lat' dir='ltr'><strong>quae</strong></span> <span class='ocrx_word' id='word_1_189' title='bbox 989 2585 1030 2655; x_wconf 87' lang='lat' dir='ltr'><strong>ad</strong></span> <span class='ocrx_word' id='word_1_190' title='bbox 1065 2611 1192 2658; x_wconf 88' lang='lat' dir='ltr'><strong>eausam</strong></span> <span class='ocrx_word' id='word_1_191' title='bbox 1224 2591 1331 2684; x_wconf 88' lang='lat' dir='ltr'><strong>perti-</strong></span> 
     </span>
     <span class='ocr_line' id='line_1_23' title="bbox 246 2683 1333 2775; baseline 0.002 -22"><span class='ocrx_word' id='word_1_192' title='bbox 246 2697 358 2772; x_wconf 84' lang='lat' dir='ltr'><strong>nent,</strong></span> <span class='ocrx_word' id='word_1_193' title='bbox 385 2699 423 2752; x_wconf 91' lang='lat' dir='ltr'><strong>ut</strong></span> <span class='ocrx_word' id='word_1_194' title='bbox 451 2686 489 2753; x_wconf 87' lang='lat' dir='ltr'><strong>iis</strong></span> <span class='ocrx_word' id='word_1_195' title='bbox 519 2683 560 2754; x_wconf 90' lang='lat' dir='ltr'><strong>ab</strong></span> <span class='ocrx_word' id='word_1_196' title='bbox 600 2683 782 2755; x_wconf 86' lang='lat' dir='ltr'><strong>adversario</strong></span> <span class='ocrx_word' id='word_1_197' title='bbox 820 2685 1026 2775; x_wconf 87' lang='lat' dir='ltr'><strong>constitutis,</strong></span> <span class='ocrx_word' id='word_1_198' title='bbox 1066 2683 1159 2754; x_wconf 86' lang='lat' dir='ltr'><strong>alteri</strong></span> <span class='ocrx_word' id='word_1_199' title='bbox 1196 2689 1238 2756; x_wconf 88' lang='lat' dir='ltr'><strong>sit</strong></span> <span class='ocrx_word' id='word_1_200' title='bbox 1273 2711 1333 2756; x_wconf 64' lang='lat' dir='ltr'><strong>exn</strong></span> 
     </span>
     <span class='ocr_line' id='line_1_24' title="bbox 245 2780 1333 2880; baseline 0.004 -29"><span class='ocrx_word' id='word_1_201' title='bbox 245 2780 440 2879; x_wconf 83' lang='lat' dir='ltr'><strong>ploratum,</strong></span> <span class='ocrx_word' id='word_1_202' title='bbox 466 2781 548 2879; x_wconf 89' lang='lat' dir='ltr'><strong>quid</strong></span> <span class='ocrx_word' id='word_1_203' title='bbox 582 2781 720 2880; x_wconf 90' lang='lat' dir='ltr'><strong>probare</strong></span> <span class='ocrx_word' id='word_1_204' title='bbox 755 2783 824 2880; x_wconf 90' lang='lat' dir='ltr'><strong>ipse</strong></span> <span class='ocrx_word' id='word_1_205' title='bbox 854 2781 993 2869; x_wconf 88' lang='lat' dir='ltr'><strong>debeat,</strong></span> <span class='ocrx_word' id='word_1_206' title='bbox 1035 2780 1115 2880; x_wconf 89' lang='lat' dir='ltr'><strong>quid</strong></span> <span class='ocrx_word' id='word_1_207' title='bbox 1144 2783 1179 2853; x_wconf 94' lang='lat' dir='ltr'><strong>in</strong></span> <span class='ocrx_word' id='word_1_208' title='bbox 1209 2783 1333 2880; x_wconf 85' lang='lat' dir='ltr'><strong>proba·</strong></span> 
     </span>
     <span class='ocr_line' id='line_1_25' title="bbox 247 2877 1331 2978; baseline 0.004 -29"><span class='ocrx_word' id='word_1_209' title='bbox 247 2882 298 2949; x_wconf 86' lang='lat' dir='ltr'><strong>tis</strong></span> <span class='ocrx_word' id='word_1_210' title='bbox 337 2877 458 2953; x_wconf 87' lang='lat' dir='ltr'><strong>babere</strong></span> <span class='ocrx_word' id='word_1_211' title='bbox 493 2880 562 2978; x_wconf 87' lang='grc'><strong>(1).</strong></span> <span class='ocrx_word' id='word_1_212' title='bbox 596 2879 753 2953; x_wconf 77' lang='lat' dir='ltr'><strong>suffecta</strong></span> <span class='ocrx_word' id='word_1_213' title='bbox 783 2896 861 2951; x_wconf 88' lang='lat' dir='ltr'><strong>sunt</strong></span> <span class='ocrx_word' id='word_1_214' title='bbox 890 2882 1065 2977; x_wconf 86' lang='lat' dir='ltr'><strong>positiones</strong></span> <span class='ocrx_word' id='word_1_215' title='bbox 1100 2881 1331 2976; x_wconf 82' lang='lat' dir='ltr'><strong>interrogatio-</strong></span> 
     </span>
     <span class='ocr_line' id='line_1_26' title="bbox 249 2974 1333 3076; baseline 0.001 -30"><span class='ocrx_word' id='word_1_216' title='bbox 249 2977 373 3068; x_wconf 89' lang='lat' dir='ltr'><strong>nibus,</strong></span> <span class='ocrx_word' id='word_1_217' title='bbox 413 3003 489 3076; x_wconf 83' lang='lat' dir='ltr'><strong>quae</strong></span> <span class='ocrx_word' id='word_1_218' title='bbox 531 2978 608 3052; x_wconf 89' lang='lat' dir='ltr'><strong>olim</strong></span> <span class='ocrx_word' id='word_1_219' title='bbox 648 2994 725 3050; x_wconf 87' lang='lat' dir='ltr'><strong>unte</strong></span> <span class='ocrx_word' id='word_1_220' title='bbox 763 2993 979 3051; x_wconf 75' lang='lat' dir='ltr'><strong>contestatam</strong></span> <span class='ocrx_word' id='word_1_221' title='bbox 1008 2976 1100 3049; x_wconf 88' lang='lat' dir='ltr'><strong>litem</strong></span> <span class='ocrx_word' id='word_1_222' title='bbox 1136 2974 1262 3048; x_wconf 85' lang='lat' dir='ltr'><strong>fiebant</strong></span> <span class='ocrx_word' id='word_1_223' title='bbox 1297 2980 1333 3047; x_wconf 89' lang='lat' dir='ltr'><strong>in</strong></span> 
     </span>
     <span class='ocr_line' id='line_1_27' title="bbox 244 3072 1334 3174; baseline 0 -31"><span class='ocrx_word' id='word_1_224' title='bbox 244 3076 349 3173; x_wconf 87' lang='lat' dir='ltr'><strong>jure,</strong></span> <span class='ocrx_word' id='word_1_225' title='bbox 390 3077 456 3147; x_wconf 83' lang='lat' dir='ltr'><strong>sive</strong></span> <span class='ocrx_word' id='word_1_226' title='bbox 487 3076 576 3174; x_wconf 89' lang='lat' dir='ltr'><strong>apud</strong></span> <span class='ocrx_word' id='word_1_227' title='bbox 604 3074 808 3165; x_wconf 71' lang='lat' dir='ltr'><strong>Praetorem,</strong></span> <span class='ocrx_word' id='word_1_228' title='bbox 832 3101 909 3146; x_wconf 89' lang='lat' dir='ltr'><strong>cum</strong></span> <span class='ocrx_word' id='word_1_229' title='bbox 944 3078 1018 3172; x_wconf 89' lang='lat' dir='ltr'><strong>quis</strong></span> <span class='ocrx_word' id='word_1_230' title='bbox 1056 3076 1194 3169; x_wconf 82' lang='lat' dir='ltr'><strong>experiri</strong></span> <span class='ocrx_word' id='word_1_231' title='bbox 1235 3072 1334 3145; x_wconf 85' lang='lat' dir='ltr'><strong>vellet</strong></span> 
     </span>
     <span class='ocr_line' id='line_1_28' title="bbox 251 3172 1334 3273; baseline 0.001 -32"><span class='ocrx_word' id='word_1_232' title='bbox 251 3174 384 3243; x_wconf 87' lang='lat' dir='ltr'><strong>actione</strong></span> <span class='ocrx_word' id='word_1_233' title='bbox 421 3172 521 3265; x_wconf 90' lang='lat' dir='ltr'><strong>reali,</strong></span> <span class='ocrx_word' id='word_1_234' title='bbox 567 3191 648 3273; x_wconf 87' lang='lat' dir='ltr'><strong>puta</strong></span> <span class='ocrx_word' id='word_1_235' title='bbox 686 3172 873 3245; x_wconf 89' lang='lat' dir='ltr'><strong>hereditatis</strong></span> <span class='ocrx_word' id='word_1_236' title='bbox 914 3174 1072 3269; x_wconf 88' lang='lat' dir='ltr'><strong>petitione</strong></span> <span class='ocrx_word' id='word_1_237' title='bbox 1110 3195 1148 3239; x_wconf 84' lang='lat' dir='ltr'><strong>ac</strong></span> <span class='ocrx_word' id='word_1_238' title='bbox 1178 3172 1224 3240; x_wconf 89' lang='lat' dir='ltr'><strong>rei</strong></span> <span class='ocrx_word' id='word_1_239' title='bbox 1257 3172 1334 3242; x_wconf 87' lang='lat' dir='ltr'><strong>vin·</strong></span> 
     </span>
     <span class='ocr_line' id='line_1_29' title="bbox 251 3268 1333 3435; baseline 0.002 -97"><span class='ocrx_word' id='word_1_240' title='bbox 251 3269 439 3362; x_wconf 79' lang='lat' dir='ltr'><strong>dicatione,</strong></span> <span class='ocrx_word' id='word_1_241' title='bbox 466 3288 500 3342; x_wconf 91' lang='lat' dir='ltr'><strong>et</strong></span> <span class='ocrx_word' id='word_1_242' title='bbox 527 3274 653 3343; x_wconf 79' lang='lat' dir='ltr'><strong>nescius</strong></span> <span class='ocrx_word' id='word_1_243' title='bbox 681 3270 923 3368; x_wconf 85' lang='lat' dir='ltr'><strong>possideretne,</strong></span> <span class='ocrx_word' id='word_1_244' title='bbox 957 3285 1013 3340; x_wconf 87' lang='lat' dir='ltr'><strong>aut</strong></span> <span class='ocrx_word' id='word_1_245' title='bbox 1042 3292 1109 3435; x_wconf 53' lang='lat' dir='ltr'><strong>ipro</strong></span> <span class='ocrx_word' id='word_1_246' title='bbox 1135 3268 1213 3364; x_wconf 84' lang='lat' dir='ltr'><strong>jure</strong></span> <span class='ocrx_word' id='word_1_247' title='bbox 1254 3293 1333 3365; x_wconf 90' lang='lat' dir='ltr'><strong>pos·</strong></span> 
     </span>
     <span class='ocr_line' id='line_1_30' title="bbox 249 3366 1334 3465; baseline 0.002 -28"><span class='ocrx_word' id='word_1_248' title='bbox 249 3366 376 3439; x_wconf 82' lang='lat' dir='ltr'><strong>siderct</strong></span> <span class='ocrx_word' id='word_1_249' title='bbox 400 3394 493 3458; x_wconf 88' lang='lat' dir='ltr'><strong>reus,</strong></span> <span class='ocrx_word' id='word_1_250' title='bbox 524 3394 564 3440; x_wconf 83' lang='lat' dir='ltr'><strong>ex</strong></span> <span class='ocrx_word' id='word_1_251' title='bbox 600 3372 672 3465; x_wconf 86' lang='lat' dir='ltr'><strong>ejus</strong></span> <span class='ocrx_word' id='word_1_252' title='bbox 697 3394 754 3441; x_wconf 89' lang='lat' dir='ltr'><strong>ore</strong></span> <span class='ocrx_word' id='word_1_253' title='bbox 785 3384 876 3440; x_wconf 85' lang='lat' dir='ltr'><strong>actor</strong></span> <span class='ocrx_word' id='word_1_254' title='bbox 910 3368 1056 3465; x_wconf 85' lang='lat' dir='ltr'><strong>exprime</strong></span> <span class='ocrx_word' id='word_1_255' title='bbox 1080 3380 1113 3435; x_wconf 90' lang='lat' dir='ltr'><strong>at</strong></span> <span class='ocrx_word' id='word_1_256' title='bbox 1146 3390 1249 3461; x_wconf 76' lang='lat' dir='ltr'><strong>genus</strong></span> <span class='ocrx_word' id='word_1_257' title='bbox 1276 3392 1334 3439; x_wconf 88' lang='lat' dir='ltr'><strong>ac·</strong></span> 
     </span>
     <span class='ocr_line' id='line_1_31' title="bbox 253 3462 1333 3563; baseline 0.001 -29"><span class='ocrx_word' id='word_1_258' title='bbox 253 3466 374 3553; x_wconf 74' lang='lat' dir='ltr'><strong>fionb,</strong></span> <span class='ocrx_word' id='word_1_259' title='bbox 402 3492 467 3563; x_wconf 86' lang='lat' dir='ltr'><strong>qua</strong></span> <span class='ocrx_word' id='word_1_260' title='bbox 494 3468 602 3563; x_wconf 92' lang='lat' dir='ltr'><strong>ipsum</strong></span> <span class='ocrx_word' id='word_1_261' title='bbox 644 3470 692 3537; x_wconf 91' lang='lat' dir='ltr'><strong>uti</strong></span> <span class='ocrx_word' id='word_1_262' title='bbox 723 3465 908 3563; x_wconf 75' lang='lat' dir='ltr'><strong>oportebat.</strong></span> <span class='ocrx_word' id='word_1_263' title='bbox 939 3468 1034 3537; x_wconf 77' lang='lat' dir='ltr'><strong>Aetio</strong></span> <span class='ocrx_word' id='word_1_264' title='bbox 1064 3462 1265 3536; x_wconf 87' lang='lat' dir='ltr'><strong>descendens</strong></span> <span class='ocrx_word' id='word_1_265' title='bbox 1294 3490 1333 3537; x_wconf 86' lang='lat' dir='ltr'><strong>ex</strong></span> 
     </span>
     <span class='ocr_line' id='line_1_32' title="bbox 251 3560 1332 3660; baseline -0.001 -29"><span class='ocrx_word' id='word_1_266' title='bbox 251 3562 310 3631; x_wconf 91' lang='lat' dir='ltr'><strong>bis</strong></span> <span class='ocrx_word' id='word_1_267' title='bbox 354 3564 661 3660; x_wconf 80' lang='lat' dir='ltr'><strong>interrogationibus</strong></span> <span class='ocrx_word' id='word_1_268' title='bbox 710 3566 794 3635; x_wconf 87' lang='lat' dir='ltr'><strong>actio</strong></span> <span class='ocrx_word' id='word_1_269' title='bbox 846 3564 1094 3657; x_wconf 82' lang='lat' dir='ltr'><strong>interrogatoria</strong></span> <span class='ocrx_word' id='word_1_270' title='bbox 1138 3560 1332 3647; x_wconf 75' lang='lat' dir='ltr'><strong>dicebatur,</strong></span> 
     </span>
     <span class='ocr_line' id='line_1_33' title="bbox 253 3658 1334 3758; baseline 0.001 -29"><span class='ocrx_word' id='word_1_271' title='bbox 253 3658 349 3730; x_wconf 90' lang='lat' dir='ltr'><strong>unde</strong></span> <span class='ocrx_word' id='word_1_272' title='bbox 376 3660 615 3733; x_wconf 88' lang='lat' dir='ltr'><strong>Pandectarum</strong></span> <span class='ocrx_word' id='word_1_273' title='bbox 639 3662 731 3732; x_wconf 90' lang='lat' dir='ltr'><strong>tituli</strong></span> <span class='ocrx_word' id='word_1_274' title='bbox 761 3662 804 3733; x_wconf 81' lang='lat' dir='ltr'><strong>de</strong></span> <span class='ocrx_word' id='word_1_275' title='bbox 827 3660 1163 3758; x_wconf 76' lang='lat' dir='ltr'><strong>r&#39;r&#39;ttcrropotrortr‘bm</strong></span> <span class='ocrx_word' id='word_1_276' title='bbox 1186 3664 1227 3731; x_wconf 81' lang='lat' dir='ltr'><strong>in</strong></span> <span class='ocrx_word' id='word_1_277' title='bbox 1242 3666 1334 3758; x_wconf 82' lang='lat' dir='ltr'><strong>jure</strong></span> 
     </span>
     <span class='ocr_line' id='line_1_34' title="bbox 249 3758 962 3858; baseline -0.001 -29"><span class='ocrx_word' id='word_1_278' title='bbox 249 3758 365 3851; x_wconf 73' lang='lat' dir='ltr'><strong>sactis</strong></span> <span class='ocrx_word' id='word_1_279' title='bbox 387 3771 421 3829; x_wconf 85' lang='lat' dir='ltr'><strong>et</strong></span> <span class='ocrx_word' id='word_1_280' title='bbox 449 3763 730 3858; x_wconf 62' lang='lat' dir='ltr'><strong>ireterropotoriie</strong></span> <span class='ocrx_word' id='word_1_281' title='bbox 750 3758 962 3831; x_wconf 75' lang='lat' dir='ltr'><strong>actionibus.</strong></span> 
     </span>
    </p>

    <p class='ocr_par' dir='ltr' id='par_1_11' title="bbox 301 3876 1336 3976">
     <span class='ocr_line' id='line_1_35' title="bbox 301 3876 1336 3976; baseline -0.002 -35"><span class='ocrx_word' id='word_1_282' title='bbox 301 3878 344 3959; x_wconf 83' lang='lat' dir='ltr'><strong>(l)</strong></span> <span class='ocrx_word' id='word_1_283' title='bbox 365 3883 439 3976; x_wconf 81' lang='lat' dir='ltr'><strong>Cep.</strong></span> <span class='ocrx_word' id='word_1_284' title='bbox 459 3884 474 3941; x_wconf 90' lang='lat' dir='ltr'><strong>i</strong></span> <span class='ocrx_word' id='word_1_285' title='bbox 494 3878 682 3965; x_wconf 67' lang='lat' dir='ltr'><strong>dacenses.</strong></span> <span class='ocrx_word' id='word_1_286' title='bbox 706 3880 741 3943; x_wconf 83' lang='lat' dir='ltr'><strong>ia</strong></span> <span class='ocrx_word' id='word_1_287' title='bbox 757 3884 787 3943; x_wconf 86' lang='grc'><strong>6.</strong></span> <span class='ocrx_word' id='word_1_288' title='bbox 807 3882 984 3959; x_wconf 74' lang='lat' dir='ltr'><strong>positiones,</strong></span> <span class='ocrx_word' id='word_1_289' title='bbox 1007 3879 1108 3959; x_wconf 81' lang='lat' dir='ltr'><strong>quales</strong></span> <span class='ocrx_word' id='word_1_290' title='bbox 1135 3878 1224 3941; x_wconf 89' lang='lat' dir='ltr'><strong>bodie</strong></span> <span class='ocrx_word' id='word_1_291' title='bbox 1248 3876 1336 3940; x_wconf 85' lang='lat' dir='ltr'><strong>adbi-</strong></span> 
     </span>
    </p>
   </div>
   <div class='ocr_carea' id='block_1_8' title="bbox 253 3961 1337 4288">
    <p class='ocr_par' dir='ltr' id='par_1_12' title="bbox 253 3961 1337 4288">
     <span class='ocr_line' id='line_1_36' title="bbox 254 3961 1337 4041; baseline -0.005 -18"><span class='ocrx_word' id='word_1_292' title='bbox 254 3962 385 4036; x_wconf 86' lang='lat' dir='ltr'><strong>bentur,</strong></span> <span class='ocrx_word' id='word_1_293' title='bbox 397 3981 446 4041; x_wconf 77' lang='lat' dir='ltr'><strong>Jus</strong></span> <span class='ocrx_word' id='word_1_294' title='bbox 463 3962 549 4025; x_wconf 83' lang='lat' dir='ltr'><strong>civile</strong></span> <span class='ocrx_word' id='word_1_295' title='bbox 570 3964 578 4023; x_wconf 95' lang='lat' dir='ltr'><strong>i</strong></span> <span class='ocrx_word' id='word_1_296' title='bbox 620 3962 767 4040; x_wconf 81' lang='lat' dir='ltr'><strong>oravit,n</strong></span> <span class='ocrx_word' id='word_1_297' title='bbox 821 3982 963 4026; x_wconf 80' lang='lat' dir='ltr'><strong>eaerum</strong></span> <span class='ocrx_word' id='word_1_298' title='bbox 981 3962 1110 4041; x_wconf 88' lang='lat' dir='ltr'><strong>primum</strong></span> <span class='ocrx_word' id='word_1_299' title='bbox 1137 3961 1337 4023; x_wconf 88' lang='lat' dir='ltr'><strong>meminerunt</strong></span> 
     </span>
     <span class='ocr_line' id='line_1_37' title="bbox 255 3982 1335 4122; baseline -0.004 -19"><span class='ocrx_word' id='word_1_300' title='bbox 255 4042 419 4104; x_wconf 73' lang='lat' dir='ltr'><strong>decretales</strong></span> <span class='ocrx_word' id='word_1_301' title='bbox 444 4044 476 4105; x_wconf 81' lang='lat' dir='ltr'><strong>C.</strong></span> <span class='ocrx_word' id='word_1_302' title='bbox 503 4047 544 4105; x_wconf 78' lang='lat' dir='ltr'><strong>bl</strong></span> <span class='ocrx_word' id='word_1_303' title='bbox 567 3982 620 4107; x_wconf 51' lang='lat' dir='ltr'><strong>,gn</strong></span> <span class='ocrx_word' id='word_1_304' title='bbox 630 4042 744 4122; x_wconf 73' lang='lat' dir='ltr'><strong>noce,</strong></span> <span class='ocrx_word' id='word_1_305' title='bbox 769 4052 798 4107; x_wconf 90' lang='lat' dir='ltr'><strong>et</strong></span> <span class='ocrx_word' id='word_1_306' title='bbox 823 4048 856 4107; x_wconf 80' lang='lat' dir='ltr'><strong>C.</strong></span> <span class='ocrx_word' id='word_1_307' title='bbox 884 4065 939 4107; x_wconf 79' lang='lat' dir='ltr'><strong>un.</strong></span> <span class='ocrx_word' id='word_1_308' title='bbox 962 4042 997 4106; x_wconf 88' lang='lat' dir='ltr'><strong>de</strong></span> <span class='ocrx_word' id='word_1_309' title='bbox 1025 4040 1072 4106; x_wconf 86' lang='lat' dir='ltr'><strong>lit.</strong></span> <span class='ocrx_word' id='word_1_310' title='bbox 1100 4050 1221 4106; x_wconf 83' lang='lat' dir='ltr'><strong>contest.</strong></span> <span class='ocrx_word' id='word_1_311' title='bbox 1249 4039 1335 4116; x_wconf 85' lang='lat' dir='ltr'><strong>Quod</strong></span> 
     </span>
     <span class='ocr_line' id='line_1_38' title="bbox 254 4117 1336 4267; baseline -0.004 -82"><span class='ocrx_word' id='word_1_312' title='bbox 254 4142 331 4185; x_wconf 83' lang='lat' dir='ltr'><strong>vero</strong></span> <span class='ocrx_word' id='word_1_313' title='bbox 351 4124 447 4203; x_wconf 88' lang='lat' dir='ltr'><strong>inquit</strong></span> <span class='ocrx_word' id='word_1_314' title='bbox 463 4127 598 4188; x_wconf 86' lang='lat' dir='ltr'><strong>Clemens</strong></span> <span class='ocrx_word' id='word_1_315' title='bbox 614 4128 642 4187; x_wconf 86' lang='lat' dir='ltr'><strong>V</strong></span> <span class='ocrx_word' id='word_1_316' title='bbox 660 4124 752 4188; x_wconf 74' lang='lat' dir='ltr'><strong>cem.</strong></span> <span class='ocrx_word' id='word_1_317' title='bbox 776 4145 791 4189; x_wconf 88' lang='lat' dir='ltr'><strong>s</strong></span> <span class='ocrx_word' id='word_1_318' title='bbox 867 4126 904 4189; x_wconf 85' lang='lat' dir='ltr'><strong>da</strong></span> <span class='ocrx_word' id='word_1_319' title='bbox 923 4124 1003 4189; x_wconf 84' lang='lat' dir='ltr'><strong>verb.</strong></span> <span class='ocrx_word' id='word_1_320' title='bbox 1023 4123 1168 4267; x_wconf 66' lang='lat' dir='ltr'><strong>olympia,</strong></span> <span class='ocrx_word' id='word_1_321' title='bbox 1195 4139 1242 4182; x_wconf 83' lang='lat' dir='ltr'><strong>ens</strong></span> <span class='ocrx_word' id='word_1_322' title='bbox 1270 4117 1336 4181; x_wconf 86' lang='lat' dir='ltr'><strong>lert·</strong></span> 
     </span>
     <span class='ocr_line' id='line_1_39' title="bbox 253 4200 1335 4288; baseline -0.007 -19"><span class='ocrx_word' id='word_1_323' title='bbox 253 4223 342 4288; x_wconf 74' lang='lat' dir='ltr'><strong>poeoo</strong></span> <span class='ocrx_word' id='word_1_324' title='bbox 364 4208 468 4268; x_wconf 75' lang='lat' dir='ltr'><strong>moin</strong></span> <span class='ocrx_word' id='word_1_325' title='bbox 495 4209 589 4271; x_wconf 87' lang='lat' dir='ltr'><strong>causis</strong></span> <span class='ocrx_word' id='word_1_326' title='bbox 609 4208 765 4284; x_wconf 86' lang='lat' dir='ltr'><strong>admissas,</strong></span> <span class='ocrx_word' id='word_1_327' title='bbox 791 4227 808 4270; x_wconf 86' lang='lat' dir='ltr'><strong>a</strong></span> <span class='ocrx_word' id='word_1_328' title='bbox 853 4226 940 4271; x_wconf 87' lang='lat' dir='ltr'><strong>usum</strong></span> <span class='ocrx_word' id='word_1_329' title='bbox 965 4208 1022 4269; x_wconf 84' lang='lat' dir='ltr'><strong>tori</strong></span> <span class='ocrx_word' id='word_1_330' title='bbox 1046 4202 1229 4269; x_wconf 88' lang='lat' dir='ltr'><strong>eccesiastici</strong></span> <span class='ocrx_word' id='word_1_331' title='bbox 1258 4200 1335 4263; x_wconf 86' lang='lat' dir='ltr'><strong>reie-</strong></span> 
     </span>
    </p>
   </div>
   <div class='ocr_carea' id='block_1_9' title="bbox 247 4286 460 4350">
    <p class='ocr_par' dir='ltr' id='par_1_13' title="bbox 247 4286 460 4350">
     <span class='ocr_line' id='line_1_40' title="bbox 247 4286 460 4350; baseline 0.005 -1"><span class='ocrx_word' id='word_1_332' title='bbox 247 4286 391 4350; x_wconf 82' lang='lat' dir='ltr'><strong>rendum</strong></span> <span class='ocrx_word' id='word_1_333' title='bbox 405 4296 460 4350; x_wconf 79' lang='lat' dir='ltr'><strong>est.</strong></span> 
     </span>
    </p>
   </div>
   <div class='ocr_carea' id='block_1_10' title="bbox 0 0 1809 5625">
    <p class='ocr_par' dir='ltr' id='par_1_14' title="bbox 0 0 1809 5625">
     <span class='ocr_line' id='line_1_41' title="bbox 0 0 1809 5625; baseline 0 0"><span class='ocrx_word' id='word_1_334' title='bbox 0 0 1809 5625; x_wconf 95' lang='lat' dir='ltr'><strong> </strong></span> 
     </span>
    </p>
   </div>
  </div>
 </body>
</html>
