3575 5625
907 601 1127 672 -5to-

487 778 570 821 num.
595 759 633 821 ld
648 763 747 818 monet
765 760 906 834 rogatque
924 753 1085 833 episcopos,
1109 761 1142 813 ut
1159 759 1268 812 certam
1284 751 1473 812 familiaribus
1486 753 1546 813 suis

486 839 648 904 mercedem
671 837 866 910 constituant,
891 836 1015 913 nequis
1039 853 1140 896 corum
1163 843 1310 914 tamquam
1334 852 1394 895 sum
1421 835 1546 913 pretium

486 943 581 1003 opere
593 919 781 984 ecclesiastiea
795 915 935 978 beneficia
947 925 1067 995 querat.

527 1004 569 1084 (l)
592 1005 665 1066 Gon.
682 1001 892 1082 icasmdqu.
910 1000 940 1060 l.
957 1000 987 1060 S.
1005 997 1142 1061 Thomas.
1159 1001 1190 1060 2.
1203 1001 1264 1141 iq.
1283 1000 1413 1078 ltitlurt.
1431 995 1503 1059 lod
1516 1000 1546 1060 5.

493 1112 507 1140 a
517 1088 547 1150 Si
562 1085 667 1165 aliquis
678 1081 891 1163 principaliter,
904 1081 1014 1159 inquit,
1030 1080 1067 1140 ad
1083 1079 1137 1141 hoc
1150 1081 1231 1142 intcn
1255 1081 1292 1157 it,
1308 1080 1464 1141 simoniam
1476 1098 1550 1140 eorn-

487 1169 590 1230 mittit.
615 1165 741 1228 Videtur
754 1171 852 1225 nutem
865 1163 902 1224 nd
917 1162 972 1224 hoc
985 1162 1184 1242 principaliter
1198 1163 1368 1240 intendere,
1386 1163 1438 1240 qui
1454 1181 1550 1240 macas

488 1269 542 1330 pro
561 1249 683 1330 indigno
705 1253 851 1326 porrectas
864 1245 1003 1309 ,exaudit
1031 1245 1115 1306 Unde
1141 1246 1236 1324 ipsum
1260 1246 1367 1306 lactum
1393 1253 1438 1305 cst
1463 1246 1551 1305 simo-

489 1331 615 1393 niacum.
637 1331 667 1393 Si
685 1337 783 1390 autcm
795 1345 894 1407 preces
912 1344 966 1406 pro
984 1325 1072 1407 digno
1097 1327 1304 1408 porriguntur,
1323 1328 1419 1406 ipsum
1446 1327 1551 1388 laetum

489 1431 548 1475 non
560 1421 604 1474 cst
617 1411 822 1486 simoniacum,
836 1409 905 1490 qnia
915 1407 1012 1470 subest
1025 1408 1124 1470 debita
1138 1427 1222 1470 eausa
1235 1427 1270 1469 ex
1283 1429 1339 1488 qua
1351 1409 1412 1475 illi,
1427 1427 1481 1486 pro
1494 1427 1551 1487 quo
1652 1423 1653 1446 ¹

489 1512 589 1576 preces
605 1494 811 1574 porriguntur,
831 1490 981 1571 spirituale
1000 1490 1109 1570 aliquid
1130 1491 1312 1566 conferatur3
1339 1499 1439 1551 tamen
1461 1499 1553 1568 potest

490 1595 552 1640 essa
578 1575 701 1638 simonia
728 1575 759 1636 in
785 1573 964 1649 intentione,
990 1573 1015 1633 si
1039 1591 1098 1634 nnn
1122 1573 1290 1634 attendatur
1315 1573 1353 1633 ad
1380 1571 1552 1654 dignitatem

490 1677 636 1741 personae,
652 1659 703 1720 sed
716 1656 753 1719 ad
764 1655 893 1717 iaromm
905 1653 1077 1716 humanum.
1093 1681 1106 1708 u

530 1741 573 1824 (ll)
593 1745 625 1804 S.
637 1740 765 1803 Thomas
776 1737 892 1822 citqu.
906 1739 965 1800 luo
977 1745 1035 1798 orl.
1053 1737 1081 1798 ll.

539 1918 571 2020 ς.
597 1917 655 1991 lv,
688 1917 774 1990 Cum
808 1934 917 1990 autem
953 1917 1124 1990 simoniace
1161 1934 1231 1990 acta
1276 1944 1324 1990 res
1358 1935 1427 2007 eat,
1473 1919 1556 1990 nihil

491 2019 602 2108 refert,
633 2043 712 2088 num
740 2015 813 2108 ille,
838 2019 895 2115 qni
927 2041 997 2088 rem
1036 2015 1254 2113 spiritualem,
1286 2032 1343 2088 ant
1375 2020 1466 2114 quusi
1494 2022 1557 2116 spi·
1653 2009 1654 2026 ²

492 2107 646 2188 ritualem'
670 2117 811 2213 accepit,
858 2115 1044 2212 improbum
1082 2129 1285 2186 contractum
1324 2121 1469 2204 noverit,
1514 2144 1559 2187 an

492 2219 598 2312 potius
632 2215 837 2310 ignoraverit.
879 2211 989 2298 Quare
1030 2215 1055 2284 si
1090 2211 1239 2285 beneficii
1282 2213 1417 2285 collator
1447 2239 1558 2286 revera

551 2313 660 2383 uniam
703 2313 893 2409 acceperit,
931 2309 1114 2382 admittitur
1153 2313 1307 2402 simonia,
1357 2336 1557 2410 quamquam

492 2338 696 2482 Kinoliciario
719 2423 921 2506 compertum
948 2433 1014 2480 non
1042 2411 1084 2479 ait
1106 2411 1241 2500 vitium,
1264 2435 1340 2480 cnm
1370 2435 1431 2508 quo
1453 2409 1559 2482 bene-

492 2507 604 2580 licinm
625 2507 746 2604 accepit
768 2507 835 2603 (l).
865 2505 1003 2604 Semper
1026 2509 1115 2578 enim
1135 2532 1247 2579 rerum
1271 2523 1333 2598 est,
1357 2510 1458 2605 pretio
1475 2508 1561 2580 data

491 2607 587 2679 inisse
616 2603 755 2677 ecclesiae
783 2607 979 2694 ministeria,
1005 2608 1204 2703 quicumque
1238 2605 1369 2679 tandem
1400 2609 1462 2686 sit,
1499 2613 1563 2706 qni
1655 2678 1656 2697 ,

492 2706 634 2802 pretinm
650 2702 776 2776 dederit
798 2701 870 2800 (2).
891 2703 1016 2775 Verum
1038 2706 1153 2802 siquis
1172 2707 1316 2800 pretium
1335 2703 1564 2779 fraudulenter

492 2802 587 2877 solvit
607 2828 646 2877 eo
667 2799 818 2892 oonsilio,
841 2820 879 2873 ut
902 2801 994 2875 alteri
1013 2802 1247 2876 detrimentum
1266 2803 1400 2875 inferret
1420 2805 1564 2904 ejusque

493 2902 683 2975 electionem
715 2902 839 2972 irritam
860 2900 994 2992 iaceret,
1016 2901 1099 2973 valet
1118 2902 1245 2991 electio,
1270 2905 1425 2998 quoniam
1448 2902 1564 2976 homi-

495 3027 576 3073 nnm
607 2999 735 3073 malitie
759 2998 930 3101 indulgere
958 3026 1025 3073 non
1053 2999 1146 3072 decet
1179 3000 1253 3097 (5)3
1281 3000 1338 3072 sed
1368 3018 1477 3075 tamen
1503 3007 1564 3101 qui
1656 3024 1657 3061 ³

496 3098 587 3173 dedit
616 3101 802 3198 accepitque
825 3100 998 3197 pecuniam
1024 3100 1167 3171 simonie
1198 3124 1272 3170 rena
1299 3114 1359 3171 cst.

537 3272 579 3352 (l)
601 3276 673 3355 Cap.
685 3274 724 3333 2⁷
739 3269 775 3333 da
788 3270 898 3333 aiaton

537 3356 579 3432 (ἡ)
601 3356 675 3415 Coa.
691 3356 806 3415 donus.
821 3354 907 3437 2qu.
924 3356 954 3417 i.

537 3435 579 3515 (ὅ)
602 3438 675 3517 Cap.
693 3432 876 3497 ddcaimoa.

543 3587 576 3691 ς,
607 3588 652 3661 v.
680 3588 754 3661 lam
786 3616 860 3665 acro
890 3618 942 3664 res
971 3592 1173 3691 spirituales,
1206 3611 1262 3667 aut
1289 3600 1380 3694 quasi
1406 3599 1567 3696 spiritua-

495 3688 561 3779 les,
593 3713 670 3787 quaa
706 3692 811 3787 pretio
843 3694 1023 3791 comparari
1054 3709 1243 3791 nequeunt,
1279 3711 1356 3767 sunt
1386 3712 1568 3795 potestates

496 3786 695 3875 airimalcs,
728 3804 808 3885 puta
889 3806 986 3863 taatss
1015 3792 1206 3889 imponendi
1234 3818 1371 3883 manns,
1436 3821 1566 3869 uama

524 3901 596 3959 etro
629 3910 737 3957 emere
769 3910 811 3959 ro
883 3905 900 3957 t
933 3886 1068 3981 Simon,
1116 3894 1216 3987 gratia
1253 3889 1393 3989 Spiritus
1496 3900 1563 3987 cti,

497 3984 722 4073 Sacramenta,
765 3984 926 4060 absolutio
971 4014 990 4058 a
1040 3992 1201 4081 censuris,
1265 3992 1330 4061 soti
1385 3990 1565 4085 relaxatio,

497 4084 737 4175 ordinationes,
787 4088 986 4159 consecratio
1042 4086 1264 4177 ecclesiarum,
1318 4088 1567 4165 mamedune

497 4182 673 4275 abbatum,
717 4209 879 4257 maurum
931 4186 1112 4283 virginum,
1162 4186 1296 4275 similia,
1354 4188 1568 4264 ecclesiastica
