3575 5625
477 860 591 987 qecuoq
612 858 647 903 ex
672 840 812 923 peculiari
834 842 898 921 ejus
919 839 1114 922 professione,
1136 858 1225 921 quam
1246 838 1359 903 faciunt
1376 840 1560 922 Reipublicae

502 944 573 987 cusu
587 942 628 985 es.

518 1010 587 1068 llaec
613 1022 682 1065 cum
704 1004 744 1065 ita
775 1004 834 1065 siut
859 1011 947 1083 atque
974 1004 1115 1083 utrinque
1139 1006 1304 1085 recognita,
1331 1002 1369 1065 ad
1395 1004 1560 1084 Religionis

476 1090 588 1150 bonum
603 1086 785 1165 interneque
795 1086 1017 1165 tranquillitatis
1028 1088 1295 1161 conservationem,
1310 1105 1343 1148 ea
1353 1104 1421 1165 que
1431 1104 1561 1165 smuun·

478 1179 528 1231 tur
544 1170 622 1229 iuter
634 1167 712 1249 ipsos
726 1177 868 1230 conventa
882 1176 970 1229 sunt:

518 1252 592 1313 Aac.
614 1253 637 1311 l.
658 1249 772 1329 Religio
790 1248 948 1321 catholica,
965 1250 1136 1329 apostolica,
1153 1268 1290 1323 romam,
1306 1248 1399 1311 libere
1413 1250 1443 1309 in
1462 1248 1559 1310 Gallia

477 1332 671 1395 exercebitur.
688 1332 790 1395 Cultus
806 1332 941 1410 publicus
961 1332 1034 1405 erit,
1060 1330 1160 1393 habita
1182 1340 1279 1393 tamen
1300 1332 1415 1391 ratione
1433 1328 1560 1391 ordinu-

475 1415 592 1475 tionum
603 1411 700 1492 quoad
711 1414 859 1493 politiam,
871 1431 945 1492 quas
956 1413 1139 1476 Gubernium
1151 1432 1205 1495 pru
1216 1412 1332 1494 publica
1344 1412 1559 1490 tranquillitate

477 1496 653 1558 necessarios
667 1494 857 1556 existimabit.

519 1580 557 1640 ll.
572 1577 617 1639 Ab
631 1576 793 1655 Apostolice
808 1574 899 1649 Sede,
913 1576 1023 1639 collatis
1038 1594 1106 1637 cum
1120 1576 1229 1639 Gallico
1243 1574 1394 1637 Gubernio
1405 1574 1554 1649 consiliis,

476 1660 561 1721 noxis
573 1658 683 1719 finibus
696 1659 856 1721 Galliarum
870 1657 1009 1720 dimersus
1023 1658 1312 1720 circumscribentur.

518 1744 570 1802 lll.
586 1744 725 1803 Summus
739 1741 873 1802 Pontifex
887 1741 1056 1801 titularibus
1071 1739 1247 1801 Gallicorum
1261 1738 1455 1799 Ecclesiarum
1469 1736 1558 1816 Epis-

475 1820 1015 1965 ffigriisiiziiffniiiffliitidsdcssbexsss’tgr?
1040 1820 1236 1965 monpqqige
1249 1820 1558 1964 ettounildtis’sagfflss

477 1984 653 2066 episcopales
666 1985 749 2046 sedes
762 1922 945 2064 mignenife
1015 1948 1023 1979 ³
1236 1922 1255 1983 p
1294 1947 1302 1977 ’
1321 1921 1362 1981 qu
1405 1921 1425 1981 p

519 2070 579 2128 llac
603 2066 770 2128 hortatione
793 2066 959 2146 premissa,
989 2066 1013 2128 si
1038 2065 1108 2128 buic
1131 2063 1291 2137 sacrificio,
1317 2064 1397 2143 quod
1422 2065 1558 2126 Ecclesiae

477 2149 590 2210 bouum
603 2149 711 2229 exigit,
725 2165 850 2210 renuere
863 2148 919 2226 ipsi
936 2148 1043 2210 vellent
1062 2147 1138 2230 (fieri
1156 2147 1186 2207 id
1203 2154 1301 2209 autcm
1318 2164 1402 2227 posse
1416 2150 1558 2209 Summus

476 2230 613 2293 Pontifex
635 2249 689 2291 suo
717 2249 776 2293 non
800 2237 917 2310 reputat
941 2228 1069 2311 animo),
1099 2228 1362 2309 gubernationibus
1383 2229 1558 2307 gallicarum

478 2313 672 2374 Ecclesiarum
687 2331 771 2373 uerte
786 2311 1065 2393 circumscriptionis
1082 2310 1119 2373 dc
1136 2311 1219 2372 novis
1233 2310 1402 2371 titularibus
1417 2308 1560 2389 provide·

479 2395 578 2464 bitur,
593 2412 628 2453 ec
642 2394 693 2471 qui
707 2393 841 2470 sequitur
854 2392 954 2453 modo.

520 2477 571 2535 llf.
589 2475 694 2534 Consul
707 2474 820 2551 primus
835 2472 989 2534 Gallicane
1003 2472 1197 2553 Reipublicse,
1213 2473 1290 2535 intre
1304 2481 1362 2533 tres
1376 2491 1491 2533 inclusos
1503 2472 1558 2550 qui

476 2554 740 2635 promulgationem
755 2552 979 2615 constitutionis
996 2557 1168 2634 Apostolicoe
1182 2563 1413 2634 consequentur,
1428 2554 1556 2615 Archis-

475 2639 608 2719 piscopos
619 2646 647 2697 et
659 2636 813 2714 Episcopus
824 2654 908 2697 uovoe
922 2636 1199 2716 circumscriptionis
1210 2636 1382 2699 dioecesibus
1395 2636 1557 2715 preficien-

477 2721 530 2781 dos
547 2718 722 2780 nominabit.
741 2719 879 2778 Summus
901 2718 1034 2780 Pontifex
1055 2718 1269 2779 institutionem
1284 2718 1455 2779 canonicam
1474 2717 1557 2778 dabit

472 2802 556 2881 juxte
578 2800 702 2874 formas,
723 2800 816 2862 relate
839 2797 877 2860 ad
897 2799 1017 2876 Gallias,
1041 2808 1110 2863 ante
1130 2802 1282 2882 regiminis
1295 2801 1556 2862 commutationem
1666 2873 1667 2879 ἵ

475 2892 646 3029 είᾟῖιῗῗὲω
660 2963 767 3026 Consul
782 2965 894 3045 primus
910 2966 946 3028 ad
967 2967 1141 3046 episcopales
1158 2966 1256 3044 sedes,
1277 2985 1343 3045 quse
1358 2967 1387 3026 in
1402 2973 1555 3044 posterum

474 3050 658 3120 vacaverint,
683 3064 773 3108 novos
795 3046 949 3112 Antistites
971 3047 1150 3123 nominabit,
1179 3049 1286 3127 iisque,
1313 3055 1346 3108 ut
1373 3049 1403 3108 in
1429 3047 1555 3107 articulo
1664 3061 1665 3064 ’

474 3130 651 3209 precedenti
681 3129 872 3190 constitutum
892 3137 953 3203 est,
976 3129 1140 3210 Apostolica
1163 3131 1252 3193 Sedes
1276 3130 1446 3191 canonicum
1470 3127 1555 3190 dabit
1663 3157 1664 3161 =

477 3213 704 3273 iustitutionem.

517 3297 571 3356 vt.
598 3293 748 3372 Episcopi,
772 3299 929 3371 autequam
953 3310 1060 3354 munus
1080 3313 1167 3356 suum
1187 3292 1350 3376 gerendum
1373 3292 1553 3371 suscipiant.
1661 3341 1662 3349 ,

477 3391 575 3434 coram
590 3377 687 3454 primo
701 3375 840 3445 Consule,
853 3374 1055 3453 juramentum
1070 3374 1218 3437 fidelitatis
1233 3375 1382 3446 emittent,
1395 3373 1478 3451 quod
1492 3381 1557 3432 erut
1660 3413 1661 3443 ,

475 3453 508 3514 in
537 3471 620 3515 more
653 3463 722 3516 ente
749 3456 903 3536 regiminis
933 3458 1206 3536 commutationem,
1236 3456 1426 3535 sequentibus
1457 3453 1557 3514 umbis

476 3551 701 3694 01ῗῖῗὲιέῃῖιὶνο
718 3624 747 3677 et
762 3617 920 3695 promitto,
935 3615 971 3677 ad
987 3627 1086 3680 sancto
1102 3622 1155 3681 Dar
1170 3616 1338 3698 Evangelia,
1354 3615 1556 3677 obedientiam
1657 3661 1658 3664 η

473 3723 486 3750 tt
509 3703 539 3757 et
550 3695 721 3757 fidelitatem
732 3697 881 3759 Gubernio
891 3715 945 3776 per
955 3700 1199 3762 Constitutionem
1211 3700 1361 3780 gallicenae
1375 3699 1557 3776 Reipublicae
1656 3743 1657 3754 .

474 3803 487 3832 s
508 3785 628 3839 statuto.
644 3781 729 3851 ltem,
740 3779 936 3858 promittomc
946 3782 1055 3842 nullam
1065 3781 1357 3843 communicationem
1367 3777 1555 3848 babituram.

474 3861 583 3921 „nulli
614 3859 733 3921 consilio
766 3859 995 3932 interfuturum,
1022 3863 1190 3942 nullamque
1220 3869 1383 3940 suspectam
1412 3861 1556 3922 unionem

475 3969 489 3997 a
511 3960 605 4020 neque
627 3943 721 4014 intra,
746 3959 842 4020 neque
862 3951 944 4003 extra
970 3954 1226 4016 conservaturum,
1255 3960 1321 4021 que
1346 3943 1556 4020 tranquillitati

476 4050 489 4078 ι·
511 4024 636 4103 publicus
647 4030 765 4100 noceat3
778 4023 855 4095 etsi,
870 4032 932 4084 tum
947 4024 977 4084 in
993 4024 1109 4086 dioecesi
1122 4045 1186 4087 meu
1204 4043 1293 4105 quam
1312 4023 1398 4096 alibi,
1420 4025 1554 4084 noverim

475 4131 488 4160 ιι
511 4107 622 4184 aliquid
647 4105 676 4166 in
699 4107 797 4167 Status
820 4106 961 4166 damnum
989 4107 1123 4181 tractari,
1150 4107 1300 4168 Guberuin
1327 4105 1521 4166 manifestabo
1535 4131 1548 4158 a

516 4191 583 4248 Vll.
611 4187 800 4248 Ecclesiastici
822 4187 942 4248 secundi
964 4187 1075 4248 ordinis
1098 4188 1175 4248 idem
1193 4189 1395 4267 iuramentum
1419 4187 1556 4246 emittent

474 4285 575 4330 corum
597 4269 819 4332 auetoritatibus
842 4267 977 4332 civilibus
1001 4288 1017 4330 s
1038 4269 1179 4350 gallicano
1203 4268 1353 4331 Gubcrniu
1378 4268 1551 4348 designatis.
