3575 5625
874 630 925 646 -
953 591 1023 662 1⁴8
1048 630 1098 646 -

444 743 550 836 gantis
579 741 648 836 juri
684 737 891 828 adverseur,
920 737 1004 810 valet
1033 737 1188 836 quidem,
1218 739 1277 809 etsi
1304 737 1416 832 iniqua
1450 737 1514 824 sit,

445 837 503 909 sed
548 862 609 933 per
656 835 910 932 apellationem
952 834 1162 932 suspenditur
1202 859 1352 931 novoque
1409 831 1517 905 udicio

445 950 615 1006 revosetur
641 861 710 1029 (il.
736 932 844 1004 Debet
869 935 968 1005 etiam
992 959 1060 1006 esse
1088 949 1198 1022 certa,
1224 949 1259 1004 et
1280 955 1356 1028 qum
1381 859 1520 1002 ‹lefinite

445 1031 608 1121 absolvat,
656 1048 713 1102 aut
759 1031 979 1118 oondemnet3
1030 1055 1231 1129 quamquam
1277 1053 1405 1100 neeesse
1450 1051 1521 1098 non

444 1130 551 1200 sitin
578 1153 617 1199 ea
653 1126 826 1200 decidendi
865 1129 1006 1200 rationes
1040 1154 1215 1218 enarrare,
1252 1128 1314 1198 uisi
1347 1123 1382 1195 id
1414 1125 1521 1221 gravis

444 1250 538 1296 causa
568 1225 713 1321 postulet
743 1225 817 1322 (4),
966 1251 1021 1298 mo
1058 1225 1307 1298 controversiam
1348 1247 1409 1319 per
1443 1246 1522 1293 om-

446 1348 505 1394 nes
533 1323 605 1420 ejus
630 1339 782 1418 parteae
870 1325 877 1338 '
950 1322 1061 1395 debet.
1098 1321 1183 1394 lline
1218 1346 1286 1392 non
1312 1335 1443 1390 tentum
1465 1343 1521 1388 su·

439 1438 507 1516 'per
542 1423 713 1518 praeeipoo
752 1422 884 1515 negotio
923 1419 1057 1492 serenda
1095 1436 1162 1510 est,
1197 1418 1255 1490 sed
1286 1419 1382 1490 etiam
1420 1439 1523 1511 super

447 1517 505 1606 iis,
535 1541 611 1614 quae
653 1519 785 1612 nogotio
811 1515 974 1588 aooedunt
1010 1541 1085 1588 oum
1123 1541 1229 1614 eoque
1264 1529 1342 1584 sunt
1374 1535 1524 1584 connexa

447 1628 482 1683 et
515 1616 713 1712 conjuncte,
749 1616 799 1687 uti
832 1630 911 1686 sunt
946 1639 984 1685 ex
1052 1638 1095 1684 sm
1127 1613 1193 1684 litis
1227 1629 1261 1684 et
1289 1611 1413 1682 fruetus
1448 1633 1526 1704 per·

447 1714 557 1808 cepti,
588 1710 726 1783 dedecet
757 1714 871 1801 enim,
904 1711 981 1783 abso
996 1727 1052 1782 uto
1066 1709 1226 1878 Ppudioio,
1270 1709 1362 1780 litem
1386 1707 1525 1778 alteram

447 1833 487 1879 ex
514 1811 620 1905 prima
647 1807 713 1880 litis
744 1812 878 1881 materia
907 1809 1023 1881 exoriri
1051 1811 1066 1904 (
1091 1809 1118 1904 ).

488 1953 531 2034 (l)
551 1956 584 2018 Si
605 1954 687 2016 eliud
704 1973 743 2016 ex
758 1957 831 2017 netis
846 1962 977 2032 eonstet,
1003 1961 1034 2016 et
1051 1953 1133 2016 aliud
1153 1953 1247 2033 judici
1266 1970 1302 2014 ex
1316 1951 1428 2032 privata
1451 1966 1529 2012 oon-

447 2035 553 2096 sientia
575 2036 759 2114 exploratum
782 2037 838 2106 sit,
862 2035 950 2096 multi
971 2044 1094 2115 pntnnt,
1117 2035 1247 2116 judioem
1277 2051 1337 2095 non
1360 2030 1529 2094 seeundum

447 2123 511 2174 aeta
531 2124 561 2176 et
581 2116 719 2194 probata,
744 2116 798 2178 aed
816 2116 980 2178 semndunr
1000 2119 1207 2179 conscientiam
1219 2115 1351 2197 judicare
1374 2121 1527 2194 oportere.

448 2197 560 2256 Verum
574 2195 639 2257 hae
652 2199 798 2259 sententio
813 2197 978 2279 longiorem
991 2199 1077 2262 leniet
1086 2197 1190 2281 judieii
1204 2217 1337 2272 cursum,
1349 2203 1379 2256 et
1396 2194 1528 2276 graviori

448 2284 568 2355 sumptu
582 2286 744 2356 utrumque
760 2279 926 2361 litigantem
939 2279 1062 2354 afficiet,
1078 2281 1177 2342 neutri
1191 2287 1289 2341 tamen
1306 2277 1448 2358 proderit.
1464 2277 1530 2338 Ne-

448 2375 498 2418 mo
511 2361 592 2419 enim
611 2359 806 2437 judiciem
822 2370 884 2422 aeta
903 2362 1025 2423 credere
1045 2363 1175 2443 angitur,
1199 2361 1307 2440 illaque
1323 2359 1421 2420 statim
1447 2374 1528 2418 novo

445 2437 558 2518 jndicio
579 2441 742 2503 seeundum
762 2451 826 2504 aeta
851 2443 1047 2504 revombitur.
1077 2445 1183 2506 Tutius
1208 2451 1284 2504 esset
1307 2441 1436 2520 judicem
1460 2455 1530 2500 sese

447 2537 569 2599 prossus
587 2521 625 2581 ab
639 2541 674 2583 eo
690 2521 803 2602 judicio
815 2523 981 2600 abstinere,
1006 2543 1180 2604 causamque
1201 2524 1318 2588 dature
1340 2520 1377 2582 ad
1391 2519 1529 2599 judioem

448 2601 646 2744 fflffloligm’
661 2605 708 2698 vel
716 2604 761 2747 (pie
781 2605 984 2747 eomppoeupo
1007 2608 1124 2702 negotio
1143 2603 1395 2748 lpeboppre.sQppd
1408 2601 1432 2662 si
1447 2600 1528 2743 llil-ss

449 2703 525 2824 sil
537 2791 550 2819 r
574 2701 1526 2847 risiniritsiiiiisltilritisioitss

447 2862 535 2919 aona,
558 2846 610 2909 sed
632 2849 795 2911 seeundum
817 2849 862 2925 id,
879 2850 960 2928 quod
975 2850 1031 2911 sibi
1046 2850 1200 2912 innotescit
1221 2858 1369 2928 tamquam
1390 2864 1527 2925 personat

447 2926 589 3005 publiuoe,
609 2956 622 2983 n
643 2929 700 2992 hoe
713 2938 758 2992 est
770 2928 933 2991 seeundum
947 2940 1008 2993 aeta
1024 2940 1054 2994 et
1067 2932 1188 3012 probata
1198 2930 1332 3010 judicare
1344 2928 1452 2991 debere
1466 2934 1527 2987 tra-

448 3006 494 3069 dit
507 3012 539 3072 S.
556 3010 685 3072 Thomas
698 3014 728 3072 2
747 3014 888 3095 iqataest.
910 3015 949 3074 67
968 3022 1028 3074 ort.
1044 3014 1076 3073 2.
1099 3016 1142 3077 Ex
1162 3012 1198 3073 iis
1212 3020 1327 3085 umen,
1349 3028 1415 3089 que
1429 3008 1525 3087 judex

447 3090 584 3167 privatim
598 3092 695 3170 novit,
714 3092 867 3174 «adjuvari
879 3100 992 3173 potest,
1007 3094 1103 3175 pergit
1116 3094 1178 3172 ipse
1196 3093 1337 3167 Thomas,
1359 3099 1391 3151 ut
1405 3089 1527 3151 distrio-

447 3172 507 3233 tiua
530 3173 669 3237 disentiat
688 3175 876 3254 probationes
899 3176 1049 3252 inductas,
1075 3182 1109 3236 ut
1133 3174 1225 3253 possit
1248 3191 1351 3235 earum
1376 3171 1529 3233 deiectum

447 3251 637 3335 investigare.
654 3256 740 3332 Quod
759 3259 784 3319 ai
800 3275 849 3317 aas
867 3275 927 3317 non
944 3257 1036 3336 possit
1051 3255 1172 3334 dejure
1189 3254 1347 3335 repellere,
1371 3251 1459 3313 debet
1474 3270 1526 3315 eas

448 3331 659 3477 irpsppdlippnplo
679 3338 773 3478 seqpi.
793 3362 806 3391 a
832 3340 903 3399 Late
926 3354 960 3399 ea
986 3338 1024 3401 de
1037 3356 1071 3401 re
1083 3337 1215 3419 disputat
1238 3334 1428 3401 Covorruvias
1448 3334 1526 3395 Ver.

531 3456 538 3473 0
592 3460 601 3475 0
645 3435 681 3478 ω
703 3460 711 3479 0
747 3459 756 3479 0

490 3494 521 3575 (2
552 3494 588 3555 L.
611 3498 648 3557 ts
663 3436 701 3590 f
710 3494 745 3559 de
764 3494 907 3579 appellat.
924 3518 991 3581 cap.
1015 3502 1028 3560 l
1047 3496 1083 3563 de
1101 3500 1232 3562 Senteot.
1245 3502 1272 3561 et
1287 3516 1319 3559 re
1326 3493 1439 3580 jodie.,·
1453 3513 1526 3577 αιρὅ

450 3576 490 3634 iii
551 3573 646 3656 regul.
654 3597 723 3659 gur.
736 3578 812 3639 ini.

490 3654 533 3734 (ὅ)
554 3656 588 3716 l.
603 3655 699 3720 scot.
724 3658 846 3735 Quoad.
863 3678 983 3741 provee.
1000 3668 1121 3723 nonest
1139 3679 1266 3737 necess.;
1285 3678 1353 3741 top.
1378 3660 1442 3721 let
1454 3658 1473 3719 o
1487 3654 1529 3719 de

450 3736 482 3797 io
493 3736 602 3818 irrtegr.
618 3740 711 3800 restit.
716 3762 728 3815 ,·
740 3758 807 3821 cop.
824 3744 861 3802 ¹5
875 3748 904 3800 et
914 3743 948 3802 il
964 3739 1142 3803 ostentent.
1156 3751 1186 3804 et
1197 3761 1229 3805 re
1234 3740 1335 3826 judic.

490 3816 521 3895 (l
557 3821 629 3899 Cap.
643 3822 682 3882 lo
693 3829 722 3881 et
732 3824 770 3881 l8
784 3819 820 3882 tle
833 3822 965 3883 Sentent.
980 3828 1009 3881 at
1020 3839 1053 3883 re
1060 3822 1162 3904 judie.

488 3900 519 3980 (t
552 3899 621 3982 leg.
639 3899 733 3964 leod.
750 3900 787 3965 da
799 3900 933 3965 Fructib.
947 3909 976 3963 et
988 3899 1035 3963 lit.
1049 3922 1171 3987 experts.

496 4027 528 4133 §.
565 4028 626 4100 Xl.
673 4030 718 4102 Et
757 4032 834 4127 quio
867 4028 960 4101 litem
996 4032 1117 4131 injusto
1158 4033 1287 4105 videtur
1323 4032 1528 4121 instituisse,

450 4132 507 4226 qui
540 4153 633 4199 musa
673 4127 810 4219 oeoidit,
849 4126 972 4227 ubique
1001 4134 1104 4203 rietus
1140 4132 1177 4202 in
1214 4154 1368 4228 expensas
1405 4130 1529 4200 victori
