3575 5625
444 477 514 621 ψ
741 665 935 738 -57-

300 817 427 898 episoopi
447 815 604 877 vidtmrum
626 833 660 875 ae
681 814 860 893 pupillorum
877 817 1038 894 praesertim
1053 815 1209 878 tuitionem
1228 815 1373 892 hahesnt3

300 909 330 961 at
351 897 540 960 verosimilia
554 915 674 976 prorsus
690 903 805 957 exstant
828 898 859 957 in
875 898 979 960 Gelasii
1032 942 1040 959 .
1065 901 1103 960 10
1116 897 1158 960 od
1174 899 1264 982 episc.
1287 901 1376 964 sicit.

299 981 377 1062 apud
401 979 550 1042 labbeum
572 988 643 1042 tom.
670 981 688 1040 5
712 976 876 1042 11666661.
901 981 956 1040 tut
981 917 1029 1041 a?
1057 981 1157 1042 Venet.
1182 982 1291 1044 11661661
1315 985 1377 1046 dis-

298 1063 538 1206 1111111
552 1059 954 1223 1111111161
980 1062 1209 1221 tilithi
1234 1067 1376 1210 111111

300 1223 351 1288 hh.
369 1228 384 1287 1
402 1191 559 1308 66616111.
577 1225 596 1286 2
618 1223 673 1286 661.
695 1224 755 1285 tto
769 1231 798 1284 61
812 1225 871 1286 tta
886 1242 955 1306 opp.
973 1232 1044 1286 tom.
1060 1223 1137 1287 hed.
1154 1165 1257 1289 1111616.
1282 1231 1374 1292 17011.

298 1309 452 1372 Consentit
464 1307 570 1369 666611.
594 1308 804 1369 ilatisoonense
825 1309 943 1368 11666.
968 1308 1006 1367 tt
1022 1305 1078 1370 661.
1099 1309 1247 1370 6771661.
1269 1315 1287 1372 6
1307 1309 1376 1373 6611.

298 1389 419 1451 labbei.
447 1389 550 1468 1166166
575 1407 646 1450 vero
668 1389 700 1450 hi
723 1406 847 1450 canones
871 1389 912 1449 ita
939 1389 1104 1468 explicandi
1138 1390 1378 1474 intelligendique

298 1479 383 1548 sunt,
399 1473 483 1551 quasi
504 1470 671 1553 significent
685 1488 795 1532 meram
815 1471 990 1546 tuitionem,
1011 1489 1045 1532 66
1058 1472 1253 1550 patrocinium
1275 1475 1379 1537 vidua·

297 1571 365 1614 rum
380 1561 409 1614 et
422 1553 618 1634 pupillorum,
634 1552 714 1634 quod
735 1552 871 1632 inprimis
885 1553 1027 1632 episeopis
1040 1555 1228 1616 commissum
1247 1565 1276 1617 et
1296 1576 1379 1619 oom-

298 1635 471 1696 meudatum
485 1643 540 1696 est.
559 1637 634 1698 Nam
657 1635 880 1697 llatiseoneuses
901 1639 1002 1696 Patres
1026 1654 1086 1696 uon
1110 1645 1231 1717 rogant,
1256 1638 1308 1699 soal
1321 1640 1379 1699 lata

299 1717 379 1798 lege,
405 1735 462 1796 qno
496 1735 598 1778 omnes
621 1715 764 1798 obstringi
790 1717 909 1794 volunt,
935 1717 1133 1793 66661116661,
1169 1725 1204 1778 61
1228 1720 1380 1781 saeculares

297 1798 410 1878 judiees
437 1796 541 1860 viduas
560 1807 589 1861 et
608 1799 736 1879 pupillos
756 1799 821 1860 siue
844 1798 971 1878 oplsoopi
993 1799 1080 1858 venia
1101 1817 1161 1860 non
1187 1805 1378 1873 wormiam,

300 1889 330 1942 et
341 1883 476 1960 episcopo
489 1882 609 1944 61166616
622 1881 660 1942 ab
670 1878 892 1956 archidiacono,
907 1881 954 1940 vel
967 1879 1140 1960 presbytero
1153 1883 1296 1944 terminos
1311 1903 1381 1962 proe·

301 1962 380 2024 liniri
405 1963 508 2024 uolunt
532 1963 570 2024 ad
592 1963 711 2024 illorum
737 1981 835 2023 666666
855 1961 1053 2039 definiendas,
1070 1981 1247 2042 plenamque
1267 1964 1382 2027 addunt

301 2043 495 2105 anathematis
509 2045 648 2106 adversus
669 2044 799 2125 judiees,
817 2046 869 2122 qui
893 2043 964 2104 huie
976 2044 1090 2105 aoncilii
1109 2044 1167 2126 legi
1190 2063 1250 2105 uon
1268 2047 1383 2109 obtem·

299 2127 484 2206 paraverint:
500 2131 575 2189 Sunt
597 2126 732 2188 hunveri
753 2125 857 2207 judieii
877 2134 907 2187 et
924 2125 1137 2205 J'urisdietionis
1157 2128 1295 2208 propria,
1320 2148 1381 2191 uon

301 2210 376 2271 meri
389 2208 545 2288 patrocinii
559 2227 593 2269 66
605 2208 750 2269 tuitionis.

342 2291 372 2370 [5
405 2292 443 2350 t.
457 2292 546 2352 8619
562 2289 633 2351 Cod.
656 2289 692 2351 de
707 2286 863 2373 episcopal.
881 2287 1015 2350 audient.

343 2373 373 2452 (t
406 2375 578 2454 Extrovap.
601 2368 907 2466 1116666616616.
931 2372 965 2432 16
984 2369 1113 2454 mend.
1141 2370 1210 2434 Coti.
1235 2369 1379 2435 Theodos.

301 2461 372 2514 tom.
390 2457 408 2515 6
429 2473 502 2537 pop.
526 2456 586 2516 559
606 2451 652 2514 ed.
675 2452 788 2534 Lipsiae
811 2454 909 2530 ttt5‚·
934 2453 971 2515 de
984 2472 1042 2531 qua
1055 2452 1175 2530 quidem
1199 2455 1381 2516 Constantini

301 2535 366 2615 lege
383 2539 454 2596 satis
477 2535 696 2617 supradictum
718 2543 762 2594 est
783 2531 832 2596 tit.
858 2537 876 2596 5
897 2531 1205 2616 6616116661
1227 2555 1300 2620 pop.
1326 2539 1380 2598 tt.

301 2619 398 2695 Atque
416 2617 480 2679 haee
497 2617 618 2696 quidem
637 2615 810 2678 1666116661)
834 2623 959 2695 utmque
978 2615 1046 2694 jure
1069 2617 1150 2677 laieis
1171 2636 1304 2679 66666666
1327 2618 1381 2678 de-

299 2699 414 2760 serendi
429 2717 496 2760 suas
520 2717 619 2760 666666
633 2698 807 2779 temporales
822 2698 859 2758 ad
873 2697 999 2776 episcopi
1011 2697 1156 2775 judicium
1180 2700 1211 2759 in
1231 2702 1382 2761 6611666-

299 2780 358 2843 6611
380 2784 466 2859 lilii,
491 2798 543 2841 666
564 2780 661 2862 potius
685 2781 770 2841 initio
789 2782 858 2841 xlv
877 2787 1048 2841 sartatecta
1066 2781 1247 2843 servabatur.
1274 2781 1382 2845 Scribit

299 2864 381 2923 enim
404 2859 669 2943 1166666616661.
692 2858 996 2939 116616611610,
1020 2862 1169 2941 asynodo
1193 2864 1378 2943 pmvinciali‚

300 2964 391 3022 quam
405 2944 510 3005 hahuit
534 2963 583 3003 an.
606 2945 681 3006 1501
709 2944 861 3005 1161666616
887 2942 1121 3022 archiepiscopus
1135 2944 1213 3023 apud
1236 2948 1381 3025 compen·
1449 2947 1452 2952 ’

300 3026 402 3101 dium,
421 3024 616 3089 anathematis
636 3043 752 3107 poenam
774 3025 915 3085 indictam
933 3024 1024 3085 161666
1045 3024 1185 3085 adversus
1206 3025 1294 3086 laioos
1317 3046 1381 3087 ma-

300 3108 457 3187 gistratus,
487 3108 542 3191 qui
564 3125 625 3168 666
651 3104 860 3190 potiebantur,
887 3113 925 3167 ut
949 3103 1018 3166 16161
1037 3103 1161 3186 iusum
1188 3104 1381 3170 eeclesiastico

301 3188 548 3265 6666661666166,
565 3198 654 3267 atque
671 3188 702 3248 id
724 3206 827 3249 revera
841 3187 990 3267 colligitur
1012 3204 1048 3245 ex
1065 3186 1157 3264 ipsius
1174 3187 1289 3247 66661111
1309 3191 1380 3251 66116

301 3270 379 3349 apud
395 3269 487 3333 Labh.
502 3269 535 3329 16
545 3266 654 3331 6611661.
669 3266 818 3331 concilior.
833 3276 905 3329 1661.
921 3270 959 3329 tt
973 3264 1027 3329 661.
1045 3268 1137 3329 1511.

351 3350 382 3449 §.
412 3350 490 3421 1111.
520 3348 584 3422 Sed
616 3376 683 3424 non
711 3365 759 3421 est
783 3351 857 3421 satis
881 3348 1104 3438 considerare,
1137 3374 1213 3447 quae
1242 3352 1285 3421 sit
1314 3378 1378 3422 na-

298 3466 374 3519 tura
400 3474 523 3537 oausae,
560 3448 603 3519 de
637 3474 701 3546 que
730 3450 888 3545 quaeritur
920 3462 954 3517 et
984 3448 1041 3545 qui
1068 3463 1170 3519 616166
1207 3473 1377 3545 personae,

299 3570 375 3643 quae
412 3549 448 3615 16
471 3548 526 3643 jus
564 3562 716 3635 6666166,
750 3562 788 3615 61
825 3560 972 3635 6666161,
1009 3570 1092 3615 num
1131 3572 1149 3615 6
1184 3544 1285 3637 16166,
1334 3573 1378 3616 66

323 3646 408 3713 61166
448 3643 489 3711 ab
521 3642 732 3715 eeclesiastico
761 3641 874 3741 judice
912 3643 1080 3739 negotium
1122 3643 1286 3738 agendum
1320 3646 1374 3714 sit.

297 3668 374 3812 1166
410 3742 499 3810 enim
544 3744 650 3810 omnis
691 3740 941 3830 ecclesiasticus,
977 3755 1034 3810 aut
1065 3737 1163 3811 161666
1187 3741 1291 3838 judex
1323 3767 1377 3811 66-

297 3840 384 3907 sumi
425 3839 495 3906 sine
529 3835 656 3907 delectu
688 3853 815 3932 potest,
846 3837 903 3907 sed
937 3836 1019 3908 illud
1047 3853 1206 3933 praeterea
1232 3840 1377 3937 requiri-

296 3952 372 4023 tur,
412 3950 451 4005 61
492 3936 644 4029 proprius
680 3934 782 4031 judex
819 3936 879 4025 611,
916 3938 974 4032 qui
1016 3934 1164 4006 videlieet
1205 3938 1240 4006 in
1281 3960 1374 4005 reum

294 4030 415 4103 habeat
443 4030 718 4131 jurisdictionem.
760 4032 843 4105 Nam
878 4060 952 4105 reus
989 4035 1109 4104 inritus
1149 4035 1184 4102 in
1211 4030 1374 4129 judicium

296 4130 442 4226 rapitur,
480 4144 513 4199 et
548 4128 622 4201 ideo
652 4154 780 4201 necesse
808 4147 856 4201 est
886 4156 963 4201 enm
992 4156 1104 4203 vocare
1135 4130 1175 4199 ad
1202 4127 1374 4225 judicem,

295 4228 424 4325 cuijus
455 4241 504 4296 est
526 4228 595 4323 ejus
620 4228 756 4299 vocandi
784 4244 817 4300 61
846 4228 995 4323 cogendi.

395 4347 472 4394 rou.
503 4348 537 4394 u.
1255 4324 1279 4393 4
