3575 5625
901 654 1123 724 -dlb-

468 803 515 866 sd.
538 803 608 876 cit,
631 803 684 881 qui
698 800 892 881 reprehendit
917 802 1066 863 Auxilium
1087 802 1226 880 juventam
1256 804 1444 880 episcopum,
1470 801 1557 878 qnod
1671 821 1672 872 ι

470 887 651 961 inconsulto,
667 885 706 945 ob
724 884 881 946 Classicani
906 892 1073 964 peccatum,
1091 892 1182 944 totam
1207 881 1270 961 ejus
1293 882 1414 944 domum
1428 882 1560 944 anatho·
1671 905 1672 958 ῃ

470 968 542 1028 mati
552 967 728 1044 subjecerat.
743 969 819 1028 Sunt
836 973 936 1025 autem
958 965 1020 1026 hmo
1033 965 1190 1046 Augustini
1200 965 1309 1025 verba:
1333 989 1346 1018 a
1360 963 1475 1024 Audisti
1488 965 1559 1026 lor·
1671 1033 1672 1036 Ἴ

470 1058 547 1110 tasse
571 1049 685 1126 aliquos
707 1047 806 1129 magni
831 1047 959 1108 nominis
985 1047 1150 1108 sacerdotes
1174 1065 1242 1108 cum
1267 1047 1355 1108 domo
1374 1047 1426 1106 s'ua
1445 1063 1558 1124 qoem·

471 1132 549 1211 piam
559 1130 820 1190 anathematizasse
833 1131 1037 1208 peccantium?
1048 1128 1107 1192 Sed
1120 1130 1197 1191 lorte
1210 1129 1235 1189 si
1249 1137 1346 1189 essem
1360 1128 1538 1208 interrogati
1546 1171 1556 1204 ,

469 1213 677 1292 reperirentur
696 1212 832 1273 idoneam
851 1210 979 1272 reddere
1000 1211 1070 1272 inde
1089 1212 1245 1272 rationem.
1264 1215 1322 1291 ligo
1337 1218 1450 1284 autem,
1474 1228 1559 1288 quo·
1671 1237 1672 1240 ¹

471 1295 588 1354 uiamsi
610 1295 677 1372 quis
697 1312 734 1354 ex
753 1311 802 1354 me
822 1301 951 1371 querat,
968 1299 1069 1354 utrum
1092 1301 1173 1353 recte
1194 1293 1262 1370 liat,
1281 1292 1354 1371 quid
1376 1292 1403 1352 ei
1428 1307 1560 1370 respon-
1671 1313 1672 1346 3

471 1375 571 1451 dmm,
587 1394 646 1436 uon
662 1377 795 1450 inveni03
809 1380 971 1453 numquam
985 1374 1041 1436 hoc
1050 1375 1147 1435 tacere
1157 1393 1245 1435 ausus
1258 1393 1339 1450 sum,
1348 1391 1415 1434 cum
1426 1373 1465 1432 de
1474 1391 1559 1450 quo-
1671 1391 1672 1398 ³

471 1457 609 1518 rumdam
629 1457 808 1518 facinoribus
832 1458 1002 1516 immaniter
1023 1457 1164 1517 adversus
1183 1455 1332 1517 ecclesiam
1359 1455 1558 1533 perpetratis,
1671 1469 1672 1478 ³

471 1539 643 1620 gravissime
674 1555 874 1616 permoverer.
905 1582 912 1599 .
945 1581 953 1599 .
988 1581 995 1598 .
1032 1538 1186 1614 Quomodo
1219 1537 1265 1599 vel
1301 1541 1377 1612 Deo,
1414 1535 1460 1596 vel
1496 1535 1561 1597 bo·

473 1620 604 1680 minibus
624 1620 733 1698 justam
763 1637 916 1700 possumus
941 1617 1068 1682 reddere
1089 1621 1254 1696 rationem,
1280 1621 1304 1679 si
1329 1619 1440 1679 animas
1465 1617 1561 1678 iuno-

471 1709 569 1762 centes
580 1720 635 1782 pro
648 1704 758 1764 scelere
768 1703 901 1765 alieno...
911 1703 1055 1782 spirituali
1067 1703 1209 1782 supplicio
1221 1701 1389 1781 puniamus.
1404 1725 1417 1754 a
1438 1698 1565 1774 Quibus

470 1783 592 1862 quidem
607 1783 705 1845 verbis
719 1803 778 1846 non
790 1793 878 1868 nagan
895 1785 1094 1868 Augustinus,
1113 1782 1291 1863 quaudoque
1305 1780 1410 1862 magni
1422 1780 1561 1842 minis
1671 1793 1672 1870 g

472 1866 622 1944 episcopos
646 1866 686 1926 ob
711 1868 823 1927 crimen
842 1866 934 1948 patris
947 1867 1072 1928 familias
1085 1875 1178 1927 totam
1198 1865 1262 1943 ejus
1284 1863 1404 1925 domum
1428 1863 1562 1923 austhe·
1671 1883 1672 1908 1

473 1947 545 2007 mati
562 1945 734 2026 subjecisse,
750 1947 842 2026 idque
861 1967 911 2010 eos
931 1950 1032 2012 fecisse
1047 1949 1135 2028 justis
1154 1948 1192 2008 de
1212 1948 1323 2023 musis,
1342 1944 1415 2006 adeo
1429 1953 1463 2004 ut
1484 1943 1563 2005 ido-

472 2047 561 2089 neum
578 2028 705 2090 reddere
720 2031 767 2091 sui
786 2031 854 2091 lacti
869 2033 1014 2091 rationem
1032 2037 1165 2110 possent3
1184 2045 1362 2108 quamquam
1379 2028 1442 2105 ipse
1463 2044 1563 2086 num·
1671 2063 1672 2086 ι

472 2128 561 2188 quam
582 2129 685 2171 eorum
707 2113 840 2192 exempla
864 2121 1005 2190 sequutus
1027 2113 1128 2174 luerit.
1158 2115 1236 2192 Ergo
1257 2127 1293 2170 ex
1318 2109 1375 2170 hoo
1396 2114 1439 2170 Au
1481 2109 1560 2168 stini

472 2192 642 2252 testimonio
655 2194 842 2255 manifestum
854 2202 911 2270 est,
927 2214 959 2255 ea
974 2203 1060 2255 aetate
1073 2193 1220 2274 generalia
1233 2189 1390 2253 interdicta
1402 2189 1439 2250 ad
1464 2187 1558 2264 iberi,

470 2281 503 2332 ct
516 2291 586 2333 vero
593 2274 681 2352 justis
695 2276 837 2337 decausis
852 2275 892 2336 ab
906 2275 1031 2357 egregiis
1044 2275 1187 2356 episcopis
1201 2273 1336 2336 adhiberi
1355 2271 1558 2332 consuevisse.

473 2359 598 2414 Damnat
615 2355 753 2434 deinceps
769 2359 832 2435 ipsc
846 2359 1027 2437 Augustinus
1044 2357 1168 2418 abusum
1182 2355 1326 2437 generalis
1344 2353 1557 2428 anathematis,
1671 2403 1672 2424 2

471 2453 530 2512 quo
548 2437 678 2511 parvulis
692 2439 780 2498 etiarn
807 2437 914 2499 domus
938 2440 1197 2500 excommunicatas
1223 2437 1400 2517 baptismus,
1428 2434 1559 2512 aliisque

469 2516 676 2577 innocentibus
691 2537 770 2578 sacra
789 2521 927 2598 mysteria
947 2525 1014 2580 cuni
1030 2530 1148 2582 eternae
1163 2521 1264 2581 salutis
1286 2515 1416 2598 periculo
1439 2516 1558 2578 adime·
1671 2515 1672 2530 .

473 2597 598 2672 bantur3
625 2597 678 2658 sed
700 2617 760 2660 non
783 2600 855 2660 item
883 2601 1004 2662 damnat
1026 2603 1157 2664 minores
1183 2619 1320 2662 censuras
1345 2607 1375 2660 et
1395 2597 1557 2658 interdicta
1671 2623 1672 2636 ¹

472 2697 638 2756 sacrorum,
664 2699 842 2761 quamquam
867 2683 1030 2764 generalia,
1049 2703 1116 2746 cum
1136 2682 1278 2744 nimirum
1295 2681 1411 2761 publica
1427 2679 1503 2740 ratio
1519 2699 1557 2740 ea

473 2759 635 2839 postularet
651 2762 690 2823 ad
709 2766 914 2827 contaminatos
931 2765 1036 2827 domus
1053 2775 1104 2827 aut
1130 2765 1225 2846 gentis
1245 2763 1357 2847 flagitia
1375 2761 1554 2838 coercenda,
1671 2797 1672 2835 3

472 2843 518 2903 vel
530 2861 596 2922 spes
608 2844 646 2904 ad
660 2846 813 2908 meliorem
825 2847 942 2928 lrugcm
959 2846 1115 2910 revocandi
1129 2848 1277 2927 principes
1289 2845 1469 2909 familiarum
1482 2860 1556 2922 pec·
1671 2908 1672 2915 ,

473 2934 571 2985 cantes
594 2927 745 3005 productis
771 2930 866 3008 poenis
890 2930 928 2990 ad
955 2928 1031 2991 filios
1052 2936 1081 2990 et
1111 2930 1259 3005 subditos,
1284 2930 1345 2990 sive
1369 2928 1390 2988 ii
1419 2927 1554 2986 criminis

474 3015 570 3068 essent
583 3011 755 3089 participes,
768 3012 830 3070 siae
843 3008 955 3092 flagitio
970 3011 1109 3089 implicati
1125 3028 1183 3071 non
1197 3018 1304 3072 essem.
1321 3014 1396 3071 Sane
1409 3026 1478 3086 quae
1492 3010 1555 3069 Au·

473 3090 607 3169 gostinus
618 3091 701 3168 dicit,
714 3093 751 3153 ad
764 3093 908 3173 generalis
918 3102 1033 3155 tantum
1047 3092 1241 3153 anathematis
1253 3093 1378 3153 abusum
1388 3090 1551 3169 pertinent.

472 3171 589 3248 Species
602 3173 738 3250 quaedam
750 3176 894 3255 generalis
909 3175 1057 3236 interdicti
1078 3176 1246 3235 continetur
1260 3176 1290 3234 in
1306 3192 1374 3235 con.
1391 3174 1411 3232 8
1425 3188 1492 3254 cap.
1513 3172 1553 3232 l'l
1671 3166 1672 3201 ³

471 3272 524 3334 qu.
540 3255 577 3325 l,
602 3272 690 3330 quem
708 3272 850 3316 canonem
871 3256 1027 3319 Gratianus
1047 3256 1154 3317 tribuit
1175 3256 1340 3336 Augustino
1361 3272 1407 3335 cp.
1430 3255 1488 3315 187
1510 3252 1554 3313 od
1671 3284 1672 3287 ¹

474 3332 613 3425 bonifac.
630 3340 743 3397 Verum
765 3338 828 3398 hec
840 3338 961 3415 epistula
985 3338 1140 3419 Augustini
1150 3354 1256 3419 ‚revera
1272 3356 1330 3398 nou
1344 3345 1404 3412 cst,
1428 3354 1555 3413 mmque
1671 3348 1672 3413 ζ

473 3412 581 3471 idcirco
608 3426 674 3491 post
708 3422 861 3479 Erasmum
887 3428 918 3478 ct
941 3422 1134 3480 lovanienses
1160 3418 1328 3501 theologos,
1356 3417 1555 3497 repudiarunt
1671 3440 1672 3503 p

474 3496 531 3552 PP.
555 3496 699 3572 llaurini,
723 3506 811 3576 atquc
826 3500 905 3558 iuter
923 3501 1023 3576 spuria
1047 3502 1202 3581 Augustini
1222 3519 1311 3579 opera
1333 3500 1554 3579 descripserunt
1671 3504 1672 3571 l

474 3573 650 3669 inoppcnd.
674 3579 761 3659 epist.
783 3582 802 3639 d
821 3588 892 3640 tom.
918 3581 956 3640 16
976 3598 1046 3663 opp.
1071 3579 1125 3643 col.
1156 3584 1214 3644 157
1240 3582 1309 3644 edit.
1335 3582 1434 3643 vanas
1457 3580 1551 3642 17118.
1671 3590 1672 3657 j

476 3659 513 3716 At
538 3673 617 3715 enim
638 3676 691 3737 per
714 3660 850 3740 generale
869 3660 1061 3723 interdictum
1083 3664 1173 3726 etiam
1197 3664 1247 3745 qui
1272 3664 1403 3723 ommitds
1421 3664 1465 3723 rei
1491 3680 1554 3723 nun

473 3744 558 3812 sunt,
580 3755 697 3815 paenam
719 3743 852 3821 perlcrrc
871 3754 1027 3823 coguntur.
1055 3745 1204 3825 Principio
1229 3762 1337 3806 norum
1358 3753 1446 3824 atque
1471 3746 1553 3805 insu-

473 3817 536 3878 lens
549 3837 608 3879 non
630 3829 690 3897 cat,
717 3824 798 3900 quod
821 3843 875 3903 pro
888 3826 1011 3905 alicujus
1034 3827 1160 3889 crimine
1178 3834 1238 3887 tota
1260 3826 1371 3887 lamilia
1392 3826 1551 3905 puniatur,
1671 3856 1672 3903 j

472 3900 551 3979 quod
568 3901 669 3963 multis
682 3920 719 3964 cx
732 3904 826 3966 Sacris
848 3906 967 3971 Litteris
980 3907 1079 3986 petitis
1092 3909 1232 3987 exemplis
1251 3908 1380 3969 ostendit
1394 3908 1553 3971 Gratianus
1671 3934 1672 3967 a

474 3982 559 4078 initio
574 4002 626 4067 qu.
645 3988 763 4047 ocsus.
780 3990 840 4063 st,
860 3998 891 4048 ct
909 3988 942 4049 in
958 3990 993 4053 h.
1010 3989 1106 4051 dccii.
1125 3990 1166 4053 od
1183 3990 1220 4050 t.
1241 3986 1307 4051 lul.
1326 3989 1445 4072 majest.
1462 3991 1553 4050 ctiam
1671 3994 1672 4043 l

473 4065 526 4124 lilii
543 4084 596 4142 pro
615 4066 706 4144 patris
719 4068 827 4128 scelere
844 4086 928 4147 poena
946 4070 1125 4131 afficiuntur.
1143 4073 1248 4134 Conicr
1262 4072 1350 4132 ctiam
1368 4072 1553 4133 llerodotuur
1671 4086 1672 4143 l

472 4144 522 4205 lib.
541 4150 559 4205 ὅ
583 4166 650 4229 cop.
674 4152 733 4210 118
752 4158 782 4211 ct
799 4151 855 4210 119
869 4170 939 4232 pop.
958 4154 1018 4214 108
1031 4151 1078 4214 ed.
1094 4152 1227 4213 londini
1242 4156 1337 4227 16793
1356 4158 1392 4229 Q.
1415 4154 1552 4216 Curtium
1671 4188 1672 4241 p

473 4224 578 4288 lu'stor.
605 4227 831 4295 alemoniis.
854 4235 952 4315 deep.
976 4236 1008 4294 ll
1038 4254 1121 4295 nstin.
1148 4237 1188 4295 ⁹20
1205 4254 1277 4316 pop.
1303 4238 1378 4311 tlt,
1403 4243 1430 4297 el
1452 4233 1504 4299 tit.
1532 4238 1552 4295 8
1671 4310 1672 4315 ἵ
