3575 5625
592 660 600 671 *
683 669 905 739 -447-

256 826 287 879 et
300 816 380 879 linis.
405 817 460 877 561
483 824 591 898 etseq.
612 819 682 879 595.
709 816 901 897 Vigiliarum,
925 814 975 876 ubi
996 814 1034 877 de
1055 814 1178 897 vigiliis,
1202 814 1332 895 pervigi-

256 900 320 970 liis,
345 899 625 977 pernoctationibus.
647 901 718 959 596.
743 896 929 960 Abstinentia
951 898 984 958 in
1003 896 1123 975 jejuniis
1141 906 1171 957 et
1195 898 1258 975 ejus
1283 917 1333 957 ra-

257 982 314 1056 tio,
346 988 490 1056 vetustas,
518 980 597 1041 finis.
626 978 699 1042 ibid.
731 998 794 1062 seq.
824 979 916 1041 Unica
935 978 1089 1054 comestio,
1114 978 1165 1039 ubi
1199 978 1236 1039 ds
1271 978 1334 1057 ejus

256 1071 405 1139 tempore,
437 1063 567 1140 ratione,
594 1062 706 1123 ooenula
742 1061 919 1141 vespertina.
962 1062 1021 1121 596
1060 1076 1122 1141 aeq.
1162 1060 1333 1139 subjectum

253 1144 371 1223 jejunii.
399 1146 459 1205 598
482 1162 543 1227 seq.
567 1143 751 1223 Dispensatio
772 1151 802 1205 et
821 1142 897 1203 rstio
913 1140 1038 1221 jejunii,
1058 1160 1091 1201 ae
1109 1140 1242 1201 ciborum
1266 1159 1335 1202 esu·

255 1226 387 1367 fflium'
419 1224 493 1288 ibid.
527 1224 678 1304 lejunium
703 1232 772 1287 ante
806 1223 1031 1287 Eucharistiarn.
1058 1224 1129 1285 155.
1161 1222 1238 1284 Vide
1267 1226 1334 1285 Eo-

313 1306 414 1369 risile.

298 1388 473 1469 illegitimus
492 1387 624 1449 ordinari
638 1390 752 1469 nequit.
769 1392 799 1464 l,
815 1388 876 1451 511
889 1406 950 1470 seq.
967 1384 1120 1463 Quomodo
1141 1385 1332 1466 legitimetur.

255 1466 385 1531 161616
407 1469 723 1550 religionomeetura
749 1470 945 1533 Prslecturis.
972 1466 1043 1531 ibid.
1066 1466 1256 1549 legitimatus
1280 1484 1334 1545 pro

256 1550 412 1612 ordinibus
434 1569 471 1613 an
497 1551 585 1613 etiam
611 1572 665 1632 pro
689 1550 838 1615 beneficiis
864 1551 1044 1633 legitimatus
1068 1549 1222 1611 habeatur.
1259 1550 1332 1610 515.

257 1633 337 1708 Quid
347 1634 372 1693 si
382 1631 445 1710 ejus
459 1636 546 1693 Pater
556 1634 684 1695 ecclesius
703 1633 836 1696 beneficii
852 1632 1075 1695 ministraverit.
1098 1633 1169 1694 516.

298 1716 445 1795 imagines
457 1732 545 1776 666666
563 1716 593 1776 16
608 1716 747 1777 eeclesiis.
761 1720 790 1791 1,
806 1718 866 1777 615
880 1733 941 1797 seq.

298 1797 472 1857 immunitas
484 1796 685 1859 ecclesiastica.
702 1802 733 1873 1,
753 1799 824 1859 655.
844 1797 930 1859 11666
943 1804 1019 1857 6616.
1038 1796 1108 1857 651.
1128 1795 1197 1875 Ejus
1211 1801 1330 1874 partes:

255 1878 352 1957 prima
370 1886 403 1939 ut
424 1878 456 1937 in
477 1878 597 1941 ecclesia
620 1880 735 1959 prolani
758 1886 840 1939 actus
866 1898 926 1940 non
950 1884 1151 1939 exerceantur.
1179 1871 1250 1937 ibid.
1281 1876 1334 1937 Al·

256 1967 320 2021 tera
342 1958 392 2037 jns
416 1960 505 2038 asyli3
527 1961 601 2039 quid
622 1970 652 2022 et
666 1960 746 2021 unde
764 1958 830 2043 boc.
853 1958 928 2023 ibid.
951 1968 980 2021 el
1003 1977 1064 2042 seq.
1092 1958 1168 2021 Vide
1191 1953 1331 2041 Aryium.

298 2042 472 2102 immunitas
484 2040 587 2119 renlis3
612 2042 692 2103 unde
705 2040 874 2121 repetends.
896 2046 927 2119 1,
943 2042 999 2119 97,
1020 2042 1083 2103 758
1098 2058 1159 2123 seq.
1175 2039 1245 2118 Ejus
1267 2039 1334 2099 vin-

256 2121 352 2183 dicis.
380 2119 451 2183 idid.
480 2139 542 2217 seq.
575 2129 672 2186 Poenoe
697 2124 892 2203 imponentis,
918 2132 949 2185 et
983 2123 1122 2185 solventis
1148 2122 1259 2182 tributa
1298 2138 1335 2181 ex

256 2203 343 2265 bonis
363 2201 572 2347 egclpsisstrcis.
599 2206 671 2267 759.
698 2206 813 2281 Quibus
836 2212 982 2285 competat
1009 2204 1198 2285 privilegium
1221 2203 1332 2265 immu-

257 2285 359 2347 nitatis
399 2286 444 2347 i.

298 2368 473 2429 immunitas
485 2368 646 2447 personalis
659 2369 844 2431 clerioorunr.
860 2373 891 2446 1,
907 2370 946 2431 96
960 2386 1022 2453 seq.

296 2448 554 2528 impedimentum.
569 2450 647 2511 Vide
658 2451 899 2513 matrimonium.

298 2531 459 2609 Imperium
469 2532 596 2592 mixtum
607 2531 690 2609 quid.
704 2537 749 2610 11,
764 2534 815 2595 55.

299 2613 475 2690 impotentis
488 2612 613 2691 impedit
626 2616 754 2692 nuptias.
770 2618 798 2687 1,
815 2616 875 2676 555
889 2632 951 2696 seq.
1111 2658 1113 2663 -

297 2693 430 2755 Incestus
446 2694 530 2773 quid.
552 2696 598 2770 11,
614 2696 685 2755 559.
702 2695 772 2773 Ejus
791 2714 886 2773 poeno
909 2698 981 2759 515.
1009 2700 1055 2761 An
1073 2698 1200 2759 incestus
1221 2704 1334 2757 contra·

256 2774 349 2918 {rattur
371 2775 646 2920 63ω663661166666
668 2776 862 2856 spiritualem.
903 2774 976 2842 ibid.
1005 2778 1084 2858 Quid
1117 2780 1148 2841 in
1176 2778 1250 2841 urbs
1278 2786 1334 2840 stu·

270 2877 291 2917 u
304 2876 368 2917 11111.
450 2903 457 2920 .
905 2887 915 2908 ⁰

297 2939 493 3020 Indulgentiae
505 2941 586 3002 unde
605 2947 732 3019 sumpts
747 2947 779 3002 et
795 2957 897 3002 aarum
915 2939 1047 3002 effectus.
1071 2943 1099 3014 1,
1121 2944 1179 3003 559
1194 2959 1254 3024 seq.
1278 2944 1333 3001 Eos

256 3021 436 3083 concedendi
457 3031 584 3101 potestas
606 3023 734 3084 eeclesias
750 3022 829 3084 data.
852 3023 925 3086 569.
947 3022 1037 3102 Cujus
1071 3041 1141 3084 usus
1158 3021 1257 3084 varius
1276 3029 1332 3080 est.

258 3104 318 3164 565
344 3111 370 3164 61
388 3121 449 3185 aeq.
476 3105 636 3182 prouertu,
661 3123 728 3183 quc
749 3124 766 3166 6
789 3105 850 3166 solo
874 3107 1007 3167 Romano
1031 3103 1191 3181 Pontifice,
1221 3102 1334 3184 partia·

255 3183 315 3259 les,
351 3205 419 3263 quo
444 3186 534 3246 etism
559 3187 597 3248 ab
623 3187 758 3266 episcopo
784 3185 998 3248 eonceduntur.
1037 3187 1092 3248 561
1124 3204 1187 3268 seq.
1216 3183 1330 3262 Quibus

256 3264 387 3347 delegari
404 3269 495 3345 possit
514 3268 578 3330 benc
598 3276 736 3347 potestas.
759 3263 830 3329 ibid.
850 3268 906 3344 Qui
931 3267 1130 3347 indulgentias
1151 3283 1332 3344 consequan-

257 3355 318 3408 tur.
340 3350 410 3409 565.
434 3353 542 3410 Earum
562 3350 815 3412 concedondsrurn
834 3367 928 3410 cause
947 3368 981 3410 ac
1001 3350 1091 3410 varim
1112 3349 1234 3429 speeies.
1255 3343 1327 3408 ibid.

255 3447 318 3572 tt
336 3429 712 3590 5555551555
734 3429 1332 3592 55555555551555

256 3593 326 3653 6666
339 3601 459 3654 recente
471 3593 663 3674 indulgentius
675 3593 794 3656 concedi
808 3595 933 3675 possint.
950 3597 1023 3658 511.

298 3675 420 3735 infamia
435 3675 683 3756 irregularitatem
696 3676 822 3738 inducit.
838 3679 867 3753 1,
886 3677 958 3738 511.

298 3757 467 3834 inquisitio,
489 3758 611 3836 ejusque
623 3759 810 3838 congregatio
824 3761 935 3820 Romo.
953 3761 996 3836 11,
1014 3759 1073 3820 597
1088 3766 1191 3842 etseq.
1207 3758 1253 3820 ild
1267 3775 1333 3818 eam

255 3838 389 3917 graviora
408 3858 444 3899 ex
462 3847 523 3900 toto
541 3839 613 3901 orbe
639 3840 755 3918 negotia
776 3839 945 3902 deferenda.
974 3841 1033 3902 599
1057 3859 1118 3922 seq.
1147 3839 1332 3918 inquisitoris

255 3937 379 3996 munus,
399 3929 429 3980 et
450 3921 577 3998 episcopi
599 3939 632 3981 ea
654 3921 685 3982 in
706 3939 741 3983 re
756 3920 885 3984 officium
911 3923 982 3984 509.
1009 3921 1123 3998 Quibus
1140 3937 1260 3982 exosum
1283 3921 1332 3979 in-

255 4002 423 4078 quisitionis
447 4001 587 4062 tribunal.
618 4004 689 4064 591.
727 4006 822 4079 Quam
861 4003 934 4065 16166
960 4003 1142 4065 crudelitatis
1169 4007 1331 4062 accusetur.

254 4079 325 4143 ibid.
350 4101 412 4165 seq.
442 4087 615 4160 Poenarum,
636 4101 710 4163 quas
736 4083 863 4166 infligit,
887 4085 1004 4146 modus.
1033 4086 1105 4145 597.
1134 4081 1225 4144 Finis.
1255 4083 1327 4144 590.

254 4165 328 4226 595.
361 4165 480 4244 injustas
505 4163 711 4228 hereticorum
746 4167 885 4246 quercln.
913 4169 985 4229 591.
1014 4169 1121 4228 Munus
1147 4163 1329 4241 inquisitoris

255 4246 364 4326 quibus
383 4246 595 4311 committatur.
615 4249 687 4312 591.
707 4249 788 4329 Quid
810 4248 835 4310 si
858 4247 1047 4328 inquisitores
1062 4245 1235 4310 aumriute
1254 4243 1328 4308 abu-
