3575 5625
682 697 905 771 -109-

245 848 390 948 miplena
419 847 570 944 probatio
610 845 784 944 suppletur
811 846 878 941 (ll.
918 846 1033 919 Dubiae
1062 871 1164 918 causae
1192 873 1231 918 ex
1275 873 1328 920 ve·

245 951 325 1018 riori
358 949 522 1018 sententia
552 961 652 1035 sunt,
700 947 736 1014 in
774 942 892 1039 quibus
931 943 1029 1039 plena
1062 945 1211 1042 probatio
1253 943 1329 1016 data

247 1070 318 1116 nou
358 1059 429 1133 est,
474 1057 556 1141 puta
598 1041 689 1140 quod
732 1057 857 1138 graues·
883 1039 991 1111 adsint
1031 1045 1324 1137 praesumptiones‚

247 1164 327 1238 quae
357 1166 427 1213 uon
452 1165 585 1211 omnem
621 1138 758 1234 abigunt
788 1136 1001 1234 scrupulum,
1038 1153 1094 1208 ent
1124 1139 1214 1236 quod
1240 1140 1329 1210 allati

246 1241 315 1308 sint
347 1255 467 1327 testes,
497 1241 534 1308 in
565 1261 648 1332 quos
685 1236 795 1334 aliqua
820 1238 967 1334 exceptio
1006 1235 1121 1306 cadere
1155 1261 1247 1333 posse
1279 1239 1330 1306 vi-

248 1335 380 1406 deatur.
423 1334 577 1406 Defertur
605 1334 669 1406 hoo
696 1331 929 1432 jusjurandum
963 1335 1012 1422 ei,
1053 1335 1110 1431 qui
1151 1331 1329 1430 semiplene

248 1433 421 1529 probarit,
463 1431 563 1504 modo
602 1457 816 1529 personamm
855 1447 888 1502 et
926 1455 1031 1504 eausae
1077 1431 1160 1502 ratio
1213 1429 1328 1500 babea-

250 1547 309 1599 tur
341 1529 414 1627 (ῆς
440 1545 475 1600 et
500 1532 527 1598 si
559 1554 633 1600 reus
662 1555 756 1626 aeque
797 1543 896 1626 atque
926 1545 1015 1600 octor
1043 1526 1221 1624 semiplene
1248 1553 1330 1624 pro-

249 1627 397 1718 baverit,
428 1625 642 1698 deserendum
678 1643 726 1698 est
762 1651 839 1717 reo,
869 1627 962 1724 eujus
992 1628 1026 1696 iu
1065 1653 1101 1698 re
1137 1625 1235 1696 dubia
1266 1649 1331 1722 po-

252 1726 323 1809 tior,
332 1750 426 1796 eausa
460 1741 509 1795 est
533 1723 603 1821 (5).

293 1942 335 2025 (l)
355 1945 414 2020 Qui
432 1943 622 2023 semiplenam
638 1943 840 2022 probationem
859 1951 1067 2019 contemnunt,
1085 1943 1246 2022 juramenti
1265 1962 1330 2022 sup·

251 2025 369 2104 pletorii
385 2025 498 2085 nullam
517 2028 662 2086 rationem
680 2026 800 2086 hebent.
823 2028 860 2088 At
879 2027 913 2087 in
931 2023 1030 2088 dotto
1045 2024 1160 2100 causis,
1184 2033 1216 2084 ut
1233 2025 1331 2103 inquit

252 2107 343 2186 Gaius
360 2108 392 2167 in
410 2110 447 2167 L.
467 2109 503 2168 31
529 2106 565 2190 ff.
588 2105 624 2168 de
643 2108 794 2190 Jorejur„
818 2109 880 2180 vel,
900 2116 934 2168 ut
953 2109 1116 2186 loquuntur
1133 2106 1330 2166 Diocletianus

252 2195 286 2247 et
304 2189 496 2249 Maximianus
519 2187 551 2248 iu
568 2189 638 2270 Lep.
661 2191 680 2249 5
706 2188 769 2250 eod.
796 2186 831 2249 de
855 2185 924 2250 flet.
951 2187 1047 2264 cred„
1067 2187 1101 2247 in
1116 2185 1328 2269 probationum

251 2269 276 2410 i
321 2268 570 2411 {bilbilim
587 2269 1089 2412 tmtttttttllltlttt
1107 2269 1328 2410 titii*

252 2432 287 2490 in
300 2451 358 2510 qua
377 2369 712 2511 semipleniipi’iobaliirm
730 2441 785 2492 est.
805 2436 879 2495 Nam
898 2373 922 2493 si
945 2432 1065 2493 dubiam
1088 2369 1203 2491 misam
1218 2439 1248 2491 et
1264 2392 1331 2490 ino3

251 2513 335 2591 piam
356 2513 561 2591 probationum
577 2513 774 2594 intelligamus
788 2532 921 2590 eausam,
943 2513 1049 2592 inqua
1070 2531 1155 2592 pares
1175 2513 1213 2573 ab
1233 2519 1331 2572 actore

253 2601 286 2654 et
299 2612 352 2654 reo
365 2595 549 2672 probationes
563 2595 639 2665 datae
657 2603 740 2672 sunt,
759 2614 814 2675 par
834 2595 892 2656 erit
913 2596 1067 2674 utriusque
1092 2612 1187 2671 eausa,
1204 2594 1331 2671 ideoque

252 2674 407 2737 absolvere
426 2675 574 2754 oportebit
599 2695 700 2751 mum,
722 2675 805 2755 eujus
826 2677 858 2736 in
883 2677 947 2757 pari
972 2695 1056 2737 eausa
1079 2675 1176 2754 potior
1201 2675 1331 2736 eonditio

253 2757 349 2818 eset.
370 2758 430 2819 tut
450 2765 479 2819 et
497 2757 607 2852 ΗΜ]
627 2755 784 2854 cleliepol.
799 2756 883 2841 jor„
903 2776 970 2840 cop.
991 2756 1060 2820 ote
1081 2755 1149 2853 Fici.
1171 2756 1328 2853 instrum„

252 2840 389 2998 sent
401 2838 793 2983 totnani-m
812 2837 1334 3001 etennensium

252 3002 366 3081 placuit
390 3001 536 3082 Gipbanio
549 3004 583 3063 in
595 3003 668 3064 M
691 3002 757 3064 eod.
779 3000 816 3063 tie
837 3000 907 3063 net.
924 3002 1017 3079 cred„
1043 3002 1242 3081 intelligamus
1263 3020 1334 3061 eau-

253 3102 334 3159 sam,
353 3084 385 3143 in
398 3102 456 3163 qua
475 3082 550 3144 nihil
566 3083 604 3143 ab
618 3092 716 3146 actore
730 3084 887 3164 probatum
908 3092 966 3155 est,
984 3084 1042 3145 erit
1060 3084 1180 3144 omuino
1197 3081 1334 3159 judican-

252 3164 330 3225 dum
347 3182 401 3242 pro
425 3183 493 3240 reo,
517 3183 605 3243 quem
629 3174 725 3226 actore
745 3183 807 3225 oon
826 3161 971 3247 probante
993 3207 1001 3224 .
1026 3207 1034 3223 .
1063 3163 1149 3223 .etsi
1172 3159 1250 3222 nibil
1274 3163 1335 3243 ipae

252 3253 390 3327 prestet,
413 3244 541 3307 munere
560 3247 653 3307 voluit
675 3248 835 3326 imperator
861 3245 1007 3307 Antonius
1031 3244 1064 3305 io
1089 3246 1125 3304 L.
1154 3246 1188 3321 l,
1213 3240 1278 3304 cod.
1298 3242 1334 3305 cle

252 3325 353 3388 Edere.
370 3330 471 3388 Restat
487 3329 594 3408 igitur,
612 3337 645 3388 ut
665 3327 786 3389 dubiam
806 3344 923 3388 eausam
936 3333 966 3387 et
980 3326 1108 3405 inopiam
1125 3326 1333 3404 probationum

253 3410 378 3469 omnino
402 3410 564 3469 referamus
583 3407 620 3469 ed
638 3428 770 3479 eausam,
790 3412 821 3470 in
845 3428 903 3489 qua
921 3409 1081 3490 semiplene
1100 3408 1256 3489 probatum
1276 3416 1331 3469 est.

299 3489 342 3569 (⁹2)
364 3492 438 3571 Cup.
452 3487 508 3550 ult.
522 3489 550 3571 §.
566 3488 623 3551 ult.
635 3490 671 3552 tle
682 3490 822 3572 Jurejur.

298 3571 343 3650 (ὅ)
362 3572 398 3629 t.
414 3572 472 3632 lut
485 3580 514 3632 et
525 3573 584 3633 128
596 3570 632 3654 ff.
647 3570 683 3633 ale
694 3568 800 3655 Repul.
811 3573 879 3655 jier.

304 3762 337 3863 ς.
380 3762 507 3834 XXVI.
544 3764 704 3835 Oblatum
730 3768 956 3863 juramentum
991 3764 1155 3861 litigantes
1188 3789 1334 3836 recusare

253 3886 326 3933 non
354 3876 509 3957 possunt,
547 3864 609 3932 nisi
629 3865 752 3960 justam
788 3862 931 3935 habeant
970 3863 1139 3935 recusandi
1176 3887 1331 3947 eausam3

253 3974 295 4029 ut
321 3959 349 4027 si
375 3956 539 4030 deleratur
565 3984 640 4049 reo,
666 3978 779 4031 eontra
803 3986 903 4056 quem
927 3960 1008 4031 nibil
1037 3960 1186 4056 probavit
1213 3975 1330 4046 aetor,

251 4071 313 4125 aut
347 4058 447 4125 actori
476 4059 533 4153 qui
559 4056 692 4153 plenam
724 4056 951 4155 probationem
982 4058 1091 4130 attulit
1115 4058 1181 4153 (l).
1216 4054 1332 4125 Delato

250 4168 289 4224 et
318 4154 435 4224 emisso
461 4154 651 4246 juramento
683 4155 862 4226 seeundum
892 4180 987 4245 eum,
1018 4159 1076 4252 qui
1102 4154 1250 4251 juravit,
1279 4148 1296 4217 s
1311 4190 1331 4205 -

250 4248 399 4322 rendum
431 4250 594 4348 judicium
628 4268 678 4325 est
719 4252 864 4350 (2).1n
895 4252 1048 4327 omnibus
1079 4267 1189 4323 autem
1231 4249 1333 4319 causis
