3575 5625
873 705 1069 775 ..13-

432 854 680 926 christianorum
741 856 965 926 controversiis
1012 878 1081 924 non
1134 850 1351 924 voluntarium
1409 858 1498 941 e'rat,

435 952 591 1050 quodque
629 980 646 1023 a
678 952 874 1048 litigantium
902 952 1037 1023 arbitrio
1069 950 1252 1048 penderet,
1290 950 1348 1023 sed
1386 976 1500 1021 neces-

435 1054 573 1141 sarium,
608 1053 762 1148 quoniam
793 1053 853 1147 ipsi
888 1065 978 1121 extra
1017 1050 1223 1120 christianam
1265 1048 1501 1147 rempublicam

429 1149 556 1248 judices
582 1174 729 1247 quaerere
761 1147 1033 1246 prohibebantur.
1071 1150 1180 1246 Atque
1210 1148 1244 1217 bi
1282 1148 1415 1245 quidem
1441 1150 1501 1245 ju-

436 1248 521 1319 diees
557 1274 690 1320 omnem
728 1246 893 1318 habebant
924 1263 1118 1345 potestatem
1154 1263 1188 1317 et
1217 1244 1499 1344 jurisdictionem,

435 1373 500 1443 qua
529 1346 682 1443 praeditos
714 1370 782 1417 esse
811 1361 943 1443 oportet
971 1346 1224 1442 magistratus,·
1256 1348 1290 1416 ui
1317 1344 1504 1442 reipublicae

435 1472 512 1516 eum
539 1447 675 1542 imperio
716 1459 881 1541 praesunt,
923 1459 957 1514 et
990 1470 1089 1540 quam
1131 1447 1266 1541 aposto'
1299 1441 1504 1535 ¹non’semel

436 1541 663 1632 ostenderant,
701 1544 880 1639 praesertim
922 1542 1082 1630 Paulus,'
1103 1543 1161 1637 qui
1201 1568 1235 1613 se
1268 1546 1310 1613 iva
1330 1562 1437 1638 prom
1462 1554 1504 1611 tta

435 1640 560 1714 habore
588 1638 806 1712 declaraverat
828 1640 954 1712 otoo
971 1664 1111 1712 omnam
1135 1638 1408 1718 inobedientiam
1427 1567 1505 1734 (A),

435 1742 493 1835 qui
521 1738 762 1829 Alexandrum,
787 1738 878 1836 quod
904 1738 1009 1810 verbis
1032 1740 1096 1808 suis
1123 1743 1301 1811 restiterat
1305 1733 1336 1825 ,ἶ
1351 1738 1505 1809 devitari

429 1838 570 1935 jusserat
601 1836 673 1933 (ἢ),
709 1839 767 1934 qui
796 1862 892 1925 eum,
925 1839 983 1933 qui
1013 1836 1073 1909 sibi
1109 1862 1178 1913 non
1211 1835 1409 1924 obediebat,
1440 1860 1504 1907 vto-

436 1941 530 2022 tan',
554 1950 678 2006 etcum
700 1934 833 2030 reliquis
852 1932 1005 2005 fidelibus
1023 1938 1241 2006 coanmivoari
1250 1934 1419 2006 uoluam
1433 1932 1501 2029 (5).

435 2032 559 2105 Revera
587 2047 658 2103 toto
693 2030 748 2103 illo
785 2033 942 2129 temporis
978 2057 1092 2120 cursu,
1126 2057 1192 2129 quo
1220 2032 1339 2119 ethnici
1367 2032 1505 2129 imperio

436 2132 533 2227 potiti
576 2146 673 2219 sunt,
712 2127 793 2200 adeo
825 2144 952 2200 eertum
986 2131 1164 2226 fixumque
1199 2130 1379 2202 christianis
1416 2145 1504 2217 erat,

437 2229 669 2299 controversias
701 2250 772 2297 suas
802 2228 843 2297 ab
873 2224 1016 2299 eoelesiae
1048 2228 1286 2323 magistratibus
1315 2254 1390 2311 esse
1420 2227 1507 2299 defi-

437 2324 592 2415 niendas,
635 2350 734 2422 seque
772 2350 887 2397 eorum
931 2325 1056 2424 judicio
1097 2351 1213 2423 parere
1254 2345 1424 2427 oportere,
1469 2341 1506 2395 ut

437 2449 535 2495 nemo
577 2423 738 2494 adversari
795 2439 894 2520 atque
929 2423 971 2494 ad
1009 2424 1155 2497 ethnicos
1193 2423 1320 2525 judices
1357 2424 1507 2496 adversus

435 2522 566 2594 illorum
583 2524 777 2593 seutentiam
793 2522 940 2620 querelas
955 2521 1082 2595 deferre
1110 2549 1205 2595 ausus
1222 2523 1330 2596 luerit.

482 2692 525 2773 (l)
546 2694 700 2773 Apostolus
719 2696 745 2755 ll
759 2693 800 2756 ad
819 2694 931 2757 corint.
945 2696 982 2755 X
991 2715 1020 2755 v.
1036 2698 1054 2758 (ἰ
1069 2715 1129 2779 aeq.

479 2778 521 2858 (A)
542 2781 569 2839 lt
584 2775 625 2838 ud
642 2772 768 2838 Timotb.
782 2780 801 2840 1
805 2778 830 2840 V
842 2795 871 2838 υ.
890 2780 941 2839 to.

479 2863 521 2937 (5)
542 2862 568 2921 11
582 2857 622 2920 ud
636 2857 836 2921 Thessalonic.
852 2862 908 2922 111
922 2879 950 2921 o.
968 2863 1018 2922 ta.

487 3015 517 3116 §.
558 3015 674 3088 XVII.
703 3014 803 3103 Quod
837 3019 863 3088 si
893 3016 1034 3088 eeclesiae
1063 3021 1266 3112 magistratus
1294 3017 1508 3092 formidolosis

438 3114 500 3186 illis
521 3114 722 3213 temporibus
742 3117 798 3213 jus
825 3140 893 3186 non
920 3113 1100 3186 reddebant
1124 3143 1161 3188 ea
1189 3143 1310 3213 pompa
1334 3133 1367 3188 et
1394 3117 1508 3214 splen-

439 3213 536 3304 dore,
576 3239 643 3310 quo
678 3212 882 3285 ethnicorum
918 3213 1064 3311 judiees,
1105 3217 1130 3284 si
1164 3241 1233 3287 non
1271 3231 1364 3286 eraut
1400 3219 1510 3313 stipati

440 3313 613 3400 ministris,
649 3313 706 3408 qui
743 3310 893 3382 adversus
931 3328 1149 3407 repugnantes
1191 3316 1255 3384 vim
1289 3312 1505 3402 adhiberent,

438 3411 463 3478 si
505 3409 574 3478 illas
596 3407 797 3508 judiciorum
833 3409 982 3503 ambages
1015 3426 1049 3479 et
1085 3409 1303 3483 solemnitates
1342 3437 1411 3482 non
1445 3411 1508 3483 ob-

439 3506 627 3596 servabant,
659 3531 728 3577 nou
755 3505 832 3576 inde
857 3523 944 3578 uerte
975 3507 1062 3578 effici
1085 3525 1212 3606 potest,
1238 3507 1327 3605 quod
1352 3511 1375 3579 ii
1402 3509 1507 3580 obris-

441 3606 605 3675 tianorum
633 3607 862 3676 controversias
887 3631 955 3677 non
980 3605 1211 3702 judicaverint.
1231 3606 1373 3692 Quando
1403 3607 1507 3678 obris-

440 3705 519 3773 tiani
558 3727 625 3772 non
655 3701 731 3772 ahos
762 3701 881 3774 habere
906 3701 1034 3802 judices
1071 3721 1245 3802 poterant,
1275 3732 1371 3803 quam
1401 3704 1507 3776 eoele-

441 3803 496 3872 siae
524 3802 745 3894 magistratus,
780 3800 912 3897 quando
952 3801 987 3871 hi
1017 3801 1053 3872 iu
1089 3803 1219 3873 eeclesia
1261 3806 1435 3899 imperium
1476 3821 1509 3874 et

440 3914 635 3995 potestatem
672 3897 855 3990 habebant,
891 3899 1023 3997 quando
1056 3903 1130 3999 ipsis
1162 3904 1272 3973 cuncti
1304 3927 1418 3997 parere
1450 3927 1528 3974 oo-.

440 3997 621 4095 gebantur,
667 3999 738 4094 quis
774 4013 890 4093 neget,
935 4023 989 4070 eos
1030 4024 1104 4071 vera
1143 3999 1266 4098 judicia
1311 4001 1506 4089 exercuisse,

442 4112 498 4166 aut
525 4093 657 4183 saltem,
693 4096 819 4192 quoties
846 4119 928 4192 opus
960 4096 1044 4185 fuit,
1071 4122 1130 4168 suo
1157 4100 1235 4196 jure
1265 4123 1413 4170 exercere
1442 4124 1507 4195 po-

445 4191 566 4264 tuisse?
608 4192 754 4290 Pompa,
794 4196 953 4285 ministri,
994 4194 1211 4266 solemnitates
1251 4195 1331 4266 nihil
1367 4194 1408 4266 ad
1449 4199 1511 4296 ju-

447 4291 520 4363 dicii
556 4308 704 4364 naturam
746 4294 924 4388 pertinent.
961 4294 1013 4363 An
1049 4319 1116 4364 non
1158 4297 1255 4364 etiam
1296 4297 1510 4366 summarium
