3575 5625
731 629 930 701 ...67-

283 777 536 852 deliberandum
559 775 704 848 inducias
729 802 797 848 reo.
832 777 874 848 Αι
899 803 976 849 vero
996 775 1099 850 libelli
1120 776 1307 851 solemnitas
1323 781 1359 852 in

284 881 386 952 causis
408 877 592 950 summariis
618 899 688 948 non
719 890 769 946 est
799 878 986 947 necessario.

326 1049 370 1132 (1)
389 1049 516 1112 Consule
528 1048 686 1110 Donellum
710 1045 746 1108 de
760 1050 834 1110 lor.
857 1045 939 1109 civil.
959 1043 1010 1109 lto.
1026 1048 1065 1108 25
1083 1051 1184 1128 eaeo
1208 1057 1237 1111 et
1259 1047 1301 1111 ed
1313 1051 1363 1113 ιίι.

285 1133 389 1194 Instit.
408 1129 578 1193 deletion.
601 1129 629 1211 §.
656 1130 696 1191 27
717 1147 785 1213 opp.
809 1137 882 1191 tom.
912 1127 1007 1194 orel.
1032 1129 1072 1190 tt
1097 1137 1124 1190 et
1148 1147 1224 1214 seq„
1252 1139 1281 1194 et
1307 1130 1363 1194 eol.

285 1216 346 1278 839
361 1222 465 1294 etseq.
492 1209 537 1274 ed.
557 1213 646 1274 Luco
667 1210 732 1288 eit,
763 1219 794 1272 et
811 1215 940 1274 Voetum
960 1212 994 1273 ιἰι
1019 1208 1167 1282 Poruleet.
1192 1210 1243 1275 111.
1272 1216 1292 1276 7
1317 1213 1364 1278 ιιι.

286 1293 522 1378 t5§.9etseq.

335 1451 366 1550 §.
406 1448 504 1520 VIII.
536 1445 658 1521 Oblato
694 1450 735 1520 eb
775 1464 882 1522 actore
923 1448 1058 1540 libello,
1097 1453 1156 1547 qui
1195 1466 1244 1522 est
1271 1455 1364 1548 quusi

286 1549 413 1646 primus
451 1544 557 1618 aditus
591 1545 730 1648 judicii,
771 1573 845 1619 reus
885 1549 921 1618 in
950 1549 1006 1646 jus
1050 1564 1194 1620 vocetur.
1241 1548 1366 1621 Voeore

287 1661 398 1717 nutem
430 1647 467 1715 in
492 1647 549 1744 jus
591 1643 673 1716 nihil
701 1661 752 1718 est
787 1643 898 1734 uliud,
937 1669 1037 1741 quem
1073 1669 1185 1716 vocure
1223 1646 1366 1743 aliquem

287 1743 456 1832 adeum,
532 1743 616 1840 ijns
632 1741 780 1814 dicturus
799 1757 849 1814 est
879 1767 917 1813 eu
945 1741 988 1813 de
1019 1767 1075 1831 re,
1117 1741 1160 1813 de
1192 1767 1257 1839 qun
1279 1767 1367 1838 quae·

288 1843 374 1912 ritur
402 1841 469 1936 (l).
533 1839 618 1912 nllus
649 1841 728 1914 olim
762 1842 845 1912 ritus
867 1841 1044 1911 vocationis
1078 1838 1157 1926 tuin
1190 1838 1248 1910 sed
1283 1837 1368 1912 liee-

289 1939 346 2009 but
381 1941 508 2038 privato
542 1942 726 2036 privatum,
768 1965 844 2010 eum
883 1960 952 2034 quo
983 1939 1062 2036 jure
1103 1962 1199 2033 egere
1242 1935 1364 2029 vellet,

286 2062 348 2134 per
379 2063 413 2108 se
453 2051 487 2107 et
520 2063 576 2108 suu
612 2040 803 2108 auctoritate
842 2039 877 2107 in
913 2036 970 2134 jus
1006 2059 1121 2106 tooure
1158 2051 1192 2105 et
1226 2035 1363 2132 quidem

285 2139 350 2228 ita,
383 2150 419 2206 ιιι
461 2151 609 2224 vocotus,
650 2137 711 2205 nisi
762 2133 987 2204 vadimonium
1025 2135 1258 2229 promitteret,
1304 2134 1369 2206 hoo

286 2248 336 2303 est
376 2234 437 2302 nisi
470 2232 637 2304 sntisdsret
666 2231 791 2330 judicio
823 2234 913 2321 sisti,
950 2232 1049 2301 etiam
1079 2233 1200 2301 inritus
1237 2234 1271 2301 in
1310 2235 1367 2326 jus

286 2331 357 2426 rnpi
396 2348 505 2427 posset
536 2329 604 2428 (7).
641 2327 708 2402 Sed
746 2345 858 2427 postea
890 2353 962 2400 mos
993 2326 1182 2425 hujusmodi
1221 2328 1367 2400 sublatus

284 2443 358 2518 est,
386 2431 452 2498 sive
481 2427 570 2526 quod
594 2427 772 2498 absurdum
811 2425 998 2516 videretur,
1033 2451 1102 2497 rem
1133 2441 1260 2496 tuntum
1291 2429 1366 2523 pri·

286 2528 351 2596 voti
392 2525 525 2598 arbitrio
572 2529 784 2623 permittere,
830 2527 895 2596 sive
941 2523 1031 2622 quod
1073 2523 1191 2595 melius
1237 2526 1366 2622 aequius

291 2623 457 2696 rideretur
503 2623 564 2696 hoe
607 2626 775 2720 negotium
813 2625 991 2720 transigere
1031 2624 1223 2693 auctoritate
1273 2623 1364 2720 ejus,

289 2725 348 2819 qui
375 2723 446 2821 juri
477 2719 621 2794 dieundo
653 2737 772 2820 praeest
785 2721 852 2819 (5)

328 2916 371 2998 (Ι)
393 2918 501 2979 Peulos
522 2920 552 2979 in
568 2919 602 2979 t.
621 2920 635 2979 1
651 2916 688 3001 ff.
705 2920 745 2980 Ιιι
753 2918 809 3002 jus
821 2936 928 2980 vocor.
946 2918 987 2979 ite
998 2935 1064 2979 rom
1078 2917 1218 2997 explicet,
1235 2918 1320 2979 nteit
1335 2916 1367 2978 in

282 3000 333 3079 jus
356 3017 461 3061 vocure
482 3000 559 3079 juris
580 3000 753 3080 experiundi
780 3020 864 3061 ceusu
889 3018 1005 3062 voeare.
1032 3003 1121 3061 lteete
1146 3016 1276 3077 prorsus.
1301 3002 1367 3061 Non

202 3114 209 3127 ·
285 3082 367 3143 enim
379 3083 445 3161 quis
460 3091 578 3143 voeutur
589 3082 693 3161 injus,
706 3083 762 3143 nisi
775 3090 808 3142 ut
821 3082 859 3142 de
870 3100 925 3142 suo
933 3082 1001 3160 jure
1012 3080 1180 3159 experietur
1189 3078 1268 3157 apud
1280 3098 1365 3158 enm,

285 3162 366 3242 apud
376 3182 465 3241 quem
479 3164 509 3225 id
521 3164 617 3227 fecere
627 3163 676 3242 jus
690 3172 751 3239 est,·
766 3164 797 3224 id
811 3172 856 3225 est
869 3164 948 3241 opud
963 3180 1031 3223 enm
1041 3162 1109 3239 jure
1118 3160 1288 3239 judicioque
1301 3170 1369 3243 agot

286 3262 321 3305 eu
343 3243 381 3304 de
399 3263 448 3321 re,
470 3264 558 3324 quom
580 3246 612 3306 in
636 3244 780 3323 judicium
804 3251 899 3305 vocat.
924 3244 957 3306 ld
979 3243 1060 3304 enim
1083 3240 1249 3323 significent
1271 3244 1369 3306 luris·

285 3326 428 3403 consulti,
445 3346 511 3387 curn
527 3326 630 3387 dieunt
647 3326 684 3387 de
699 3326 767 3406 jore
789 3344 860 3405 suo,
876 3333 928 3386 sut
948 3324 986 3385 de
1002 3342 1036 3385 re
1056 3322 1153 3403 eliqua
1175 3323 1318 3403 experiri,
1334 3332 1370 3385 ιιι

285 3409 323 3469 L.
343 3412 356 3468 1
372 3406 413 3549 ps.
437 3410 487 3469 Er
505 3406 587 3491 quo.
607 3424 690 3469 eoos.
712 3406 841 3503 major„
869 3409 903 3468 L.
927 3410 942 3468 1
967 3406 1003 3491 ff.
1024 3404 1145 3484 Quoad
1163 3404 1200 3467 de
1220 3424 1285 3487 per.
1308 3415 1365 3468 eet.

286 3508 394 3551 anno.
419 3490 486 3565 sit,
507 3491 552 3551 vel
568 3490 617 3568 jus
640 3490 786 3569 experiri,
807 3498 840 3549 ιιι
857 3488 891 3551 in
908 3489 944 3550 l.
966 3493 982 3550 1
1001 3486 1037 3571 ff.
1061 3487 1097 3551 ‹te
1117 3490 1155 3549 In
1171 3487 1228 3571 jus
1245 3506 1365 3564 rocon,

286 3571 334 3633 vel
351 3570 484 3632 obsolute
502 3572 645 3652 experiri,
665 3578 699 3631 ιιι
720 3569 754 3631 in
774 3570 840 3631 L.l
868 3569 903 3653 ff.
933 3567 968 3630 de
991 3570 1081 3647 Diu,
1110 3578 1139 3630 et
1162 3576 1252 3651 temp.
1272 3588 1368 3651 preo-

285 3654 387 3735 m'pt„
405 3661 434 3714 et
451 3652 485 3713 in
499 3655 533 3714 L.
548 3656 562 3715 1
584 3652 620 3795 p.
638 3652 701 3731 Qui
713 3651 747 3713 in
759 3648 867 3732 [rond.
889 3650 1009 3731 eredit„
1033 3650 1091 3713 hoe
1107 3659 1151 3713 est
1168 3669 1234 3711 rem
1252 3659 1369 3713 tentore

286 3744 317 3797 et
330 3735 376 3795 sui
392 3735 470 3814 juris
484 3737 648 3813 pericuum
663 3735 769 3795 locere.

327 3814 371 3912 17)
391 3816 518 3879 consule
540 3818 711 3879 Duurenum
740 3811 792 3878 tit.
820 3816 832 3875 1
863 3810 943 3897 disp.
970 3831 1039 3897 eep.
1068 3817 1099 3876 1.
1126 3814 1274 3877 Adversus
1301 3831 1366 3891 eos,

287 3916 339 3977 qur
366 3899 396 3959 in
418 3897 468 3977 jus
490 3899 593 3961 venire
616 3904 801 3973 recusarent,
826 3900 886 3957 vim
908 3895 1045 3958 adhiberi
1073 3905 1104 3959 et
1130 3897 1238 3959 invitos
1262 3896 1368 3974 injectu

288 3998 393 4057 menn,
411 3980 588 4059 obtortoque
602 3979 676 4041 eollo
690 3980 721 4040 in
731 3977 780 4057 jus
793 3978 856 4058 rapi
871 3978 1057 4039 oonsuevisse
1073 3987 1187 4040 eertum
1201 3986 1262 4053 est,
1279 3978 1370 4055 idque

288 4060 346 4121 late
359 4062 521 4123 ostendunt
539 4064 691 4125 Goveunus
708 4064 721 4123 1
748 4060 820 4121 Vor.
841 4056 905 4121 leet.
928 4056 1005 4136 ult.,·
1025 4060 1186 4122 {levardus
1206 4056 1257 4119 ao.
1279 4058 1315 4118 1.
1330 4060 1370 4120 17

293 4139 435 4205 Tobrclor.
458 4161 525 4223 cap.
552 4146 570 4205 5
591 4151 619 4205 ιι
637 4140 678 4204 od
695 4142 730 4204 L.
750 4144 808 4203 108
827 4138 861 4203 de
880 4141 1000 4204 Divers.
1021 4139 1115 4222 reqrtl.
1129 4140 1198 4221 jur.
1219 4156 1287 4219 opp.
1306 4148 1327 4200 t.
1350 4145 1365 4200 1

289 4242 359 4307 pop.
379 4226 397 4287 7
412 4234 442 4288 et
457 4226 517 4287 1117
532 4222 585 4287 od.
602 4224 700 4307 Neop.
721 4224 818 4302 17795
832 4223 965 4302 Gujseius
981 4220 1100 4285 observ.
1118 4218 1169 4282 tit.
1187 4222 1226 4281 10
1240 4239 1307 4304 top.
1330 4224 1370 4283 10
