3575 5625
648 582 869 654 ...W-

218 735 361 803 executio
409 730 594 828 perficitur.
643 731 713 801 Hoc
756 744 864 801 autem
911 732 1085 827 imperium
1129 732 1170 801 ad
1211 731 1297 805 ittud

219 829 445 926 exequendum
481 853 551 900 non
590 828 816 900 accommodat
856 830 1079 923 magistratus,
1117 833 1179 901 nisi
1221 835 1296 929 pri·

220 953 306 997 mum
342 954 379 998 rc
410 929 539 1022 cognita
569 925 746 1020 intelligat,
776 925 916 1020 dignum
945 951 1054 997 revera
1086 953 1154 1000 esse
1180 930 1295 1001 arbitri

216 1026 392 1121 judicium,
425 1023 555 1121 quoda
582 1024 784 1119 litigantibus
807 1023 1008 1095 observetur.

265 1121 295 1220 ς.
323 1121 401 1192 XV.
446 1124 619 1218 Exspirant
659 1120 790 1191 arbitria
821 1138 940 1192 mutuo
973 1146 1151 1210 consensu,
1188 1141 1295 1196 morte

220 1222 577 1315 compromittentium,
608 1220 669 1289 uisi
698 1222 796 1289 etiarn
827 1218 985 1291 heredum
1013 1220 1171 1290 sacta'ait
1201 1245 1299 1291 men·

220 1318 262 1387 tio
297 1318 376 1411 (1),
414 1342 482 1387 uuo
517 1316 659 1387 alterove
704 1342 743 1387 ex
775 1315 903 1387 arbitris
947 1333 1078 1387 mortuo
1117 1316 1190 1413 (2),
1236 1322 1298 1387 nisi

221 1430 348 1484 cautum
394 1416 627 1509 compromisso
679 1415 740 1502 sit,
788 1430 826 1483 ut
869 1439 937 1486 uno
974 1440 1014 1484 ex
1057 1414 1186 1485 arbitris
1232 1417 1297 1485 rita

223 1510 331 1582 functo
373 1512 490 1607 reliqui
525 1509 677 1610 judicent
716 1512 791 1607 (ὅ),
828 1511 891 1583 lata
935 1515 1117 1599 sententia,
1160 1514 1295 1583 interitu

223 1611 282 1696 rei,
322 1608 367 1679 de
402 1635 466 1707 qua
496 1608 661 1708 litigatur,
695 1608 786 1705 lapso
817 1626 967 1707 tempore
1000 1612 1200 1697 constituto,
1234 1612 1294 1681 nisi

225 1704 299 1774 illud
322 1709 422 1803 justis
461 1706 503 1777 dc
539 1710 659 1797 causis,
702 1710 752 1777 uti
792 1706 1054 1780 demonstratum
1090 1732 1187 1803 supra
1221 1722 1292 1794 est,

225 1820 430 1900 prorogatum
455 1804 565 1878 suerit.

262 1974 301 2054 (t)
323 1978 396 2057 Cup.
425 1974 636 2039 torculata
659 1974 796 2054 arbitris‚·
820 1978 855 2039 t.
883 1978 923 2039 52
948 1976 974 2057 S.
997 1976 1032 2039 Si
1056 1976 1172 2039 heredis
1192 1976 1228 2059 ff.
1254 1976 1291 2040 dc

226 2067 323 2137 recept.
338 2056 445 2119 arbitr.

262 2138 301 2217 (a)
322 2143 396 2223 cap.
415 2142 454 2200 so
466 2138 503 2200 oe
516 2136 649 2202 aaron.

261 2218 300 2301 (5)
322 2224 395 2302 Cap.
415 2224 454 2283 ta
468 2220 505 2283 de
518 2218 595 2304 offic.
610 2232 638 2283 et
650 2229 757 2305 potest.
774 2220 900 2305 delcqot.

461 2725 779 2818 WWW&
808 2728 1051 2820 Nm·

543 2929 578 2992 oa
600 2929 680 2994 Paetis
701 2941 725 2994 ct
747 2929 970 2994 transactionibus.

224 3233 240 3280 1.
252 3233 441 3311 Quidpactum?
794 3235 835 3285 vt.
857 3233 889 3284 Ut
915 3247 944 3284 ea
969 3231 1062 3293 valcat,
1087 3245 1142 3298 quac
1170 3227 1297 3296 requiran-

224 3297 249 3346 tt.
262 3300 325 3351 Pactr
339 3299 474 3350 liberatorii
484 3301 606 3368 exempla.
863 3301 919 3350 tur?

224 3363 260 3413 ΙΙΙ.
274 3366 343 3416 Pacta
359 3365 435 3415 sacris
451 3367 585 3417 canonibus
598 3383 645 3419 non
661 3383 716 3434 pro
795 3364 849 3415 Vll.
861 3364 970 3416 Effectus
981 3359 1162 3414 transactionis.

283 3431 348 3482 bata.
795 3429 1068 3496 vileuitrausigere
1079 3425 1210 3501 possint?⁸
1291 3489 1297 3501 ⁸

225 3493 258 3542 W.
269 3496 338 3546 Pacta
352 3495 517 3547 observanda.
797 3496 837 3546 tx.
852 3495 948 3557 Quibus
963 3495 995 3545 de
1010 3494 1084 3545 rebus
1097 3503 1228 3543 transactio
1244 3489 1298 3541 ficri

226 3559 489 3629 tumoremque?
863 3561 986 3628 nequeat?

714 3697 744 3800 t.
774 3701 801 3771 1.

271 3847 343 3922 Non
379 3847 486 3920 solum
511 3848 661 3934 arbitris,
691 3847 871 3920 sedetiam
901 3855 998 3944 pacto
1021 3861 1056 3915 et
1083 3842 1299 3914 transactione

228 3945 292 4018 lites
323 3947 416 4017 finiri
448 3962 597 4042 possunt.
637 3945 774 4018 Pactum
806 3945 848 4016 ab
884 3944 1025 4040 Ulpiano
1057 3941 1216 4012 definitur
1244 3936 1299 4030 (t)

228 4041 387 4132 duorum,
431 4045 479 4114 ret
513 4044 658 4142 plurium
691 4047 725 4115 in
766 4043 855 4114 idem
896 4041 1053 4138 placitum
1101 4056 1297 4119 consensus,

228 4158 380 4240 patetque
409 4142 562 4214 latissime
602 4143 649 4213 iu'
663 4144 739 4240 jure
788 4141 830 4211 dc
868 4142 972 4237 pactis
1003 4133 1193 4231 disputatio.
1232 4127 1300 4202 Itos
