3575 5625
688 651 909 721 -575-

257 785 410 883 adjecisse
443 789 571 862 videtur
598 796 765 887 pactiones
803 801 880 868 trini
911 819 1114 896 contractus,
1145 822 1183 877 ut
1207 809 1339 903 gratili-

257 900 387 954 caretur
415 885 530 1000 clteri‚
561 893 619 1003 ‹p‘ui
646 894 743 964 ctiam
773 897 841 966 sine
864 895 913 967 bis
944 903 1147 994 pactionibus
1183 906 1337 1004 simplicis

256 1005 423 1077 meraeque
436 1001 596 1058 socletatts
619 993 722 1086 gratia
745 995 920 1087 pecuniam
946 997 1111 1071 tribuisset
1138 999 1208 1098 (ἢ).

296 1149 340 1230 (l)
361 1155 536 1249 benedictus
555 1163 625 1222 xtv
639 1158 674 1222 dc
691 1161 799 1244 synod.
821 1162 933 1228 dioeces.
952 1163 1005 1229 tit.
1034 1171 1074 1232 10
1100 1188 1167 1266 cup.
1185 1173 1214 1248 7,
1237 1192 1252 1233 a
1277 1194 1337 1252 quo

254 1242 360 1326 cuncta
373 1239 504 1314 arripui,
524 1259 591 1318 quaa
609 1242 741 1304 adhunc
765 1246 861 1306 locum
888 1250 1056 1328 pertinent,
1081 1269 1198 1332 copiose
1215 1255 1275 1335 agit
1298 1257 1336 1317 de

254 1320 335 1373 trano
359 1326 526 1390 contractu,
554 1331 643 1400 atquc
666 1328 764 1386 omnia
792 1339 946 1391 enumerat
974 1342 1164 1412 arguments,
1192 1353 1259 1412 quac
1283 1353 1337 1414 pro

253 1393 359 1454 eodem
379 1407 544 1477 contractu,
572 1423 696 1483 quoeque
721 1414 821 1469 contra
838 1428 906 1471 eum
929 1409 1029 1473 afferri
1053 1415 1160 1475 solent.
1186 1419 1338 1479 Postremo

253 1491 319 1570 rem
335 1495 453 1539 omnem
469 1483 617 1545 concludit
634 1486 681 1548 bis
700 1488 798 1550 verbis
817 1511 903 1553 num.
925 1496 960 1553 6:
988 1521 1002 1548 u
1017 1499 1085 1557 llce
1103 1505 1173 1557 sunt
1188 1499 1336 1577 praecipua

253 1565 403 1619 rationum
422 1573 588 1641 momenta,
608 1583 674 1644 qum
695 1569 725 1630 iu
744 1578 902 1652 utramque
925 1583 1039 1654 purtem
1057 1577 1262 1655 adducuntur,
1283 1597 1338 1642 ne-

252 1655 314 1731 que
341 1644 503 1719 Apostolicu
532 1647 617 1709 scdcs
650 1651 742 1727 priori
773 1654 925 1733 opinioni,
962 1659 1016 1718 etsi
1047 1660 1147 1722 minus
1174 1679 1337 1742 congruere

253 1721 391 1781 videatur
420 1725 543 1788 sixtina
573 1733 793 1809 constitutioni,
821 1736 911 1797 ullum
938 1735 1080 1800 hactenus
1105 1759 1257 1803 censuram
1287 1745 1337 1804 in-

253 1803 346 1878 ussit,
364 1822 450 1882 aqua
465 1809 591 1884 proinde
614 1813 703 1872 ctiam
717 1812 878 1895 infligenda
900 1816 989 1879 debet
1002 1821 1155 1901 episcopus
1168 1823 1331 1902 abstinere;

251 1880 292 1940 ad
318 1903 401 1979 usum
421 1903 493 1980 vero
515 1891 594 1968 quod
615 1895 734 1970 attinet,
765 1905 829 1958 tuto
856 1901 965 1978 poterit
992 1910 1174 1964 contractum
1199 1906 1331 1983 trinum,

252 1979 344 2054 quem
358 1973 448 2058 ctiam
468 1971 598 2046 ejusdcm
613 1977 729 2052 patroni
757 1981 953 2056 periculosum
973 1982 1118 2060 latentur,
1134 2003 1189 2065 pro
1215 1987 1329 2049 viribus

252 2044 400 2120 impedire
411 2056 501 2143 sitque
514 2051 551 2113 ab
564 2071 599 2115 co
614 2055 743 2118 ineundo
754 2062 963 2124 suossubditos
977 2065 1139 2127 dehortari.
1155 2092 1170 2122 a

299 2123 340 2205 (ἲ)
357 2129 439 2222 .de
472 2149 542 2194 vcro
568 2137 591 2196 si
618 2137 770 2200 evidenter
798 2151 923 2220 constet,
951 2145 1115 2210 debitorem
1141 2149 1268 2211 inritum
1299 2171 1333 2213 sc

249 2217 423 2299 necessrtate
440 2223 570 2276 eoactum
595 2235 662 2278 cum
686 2219 722 2280 iis
742 2223 928 2300 pactionibus
946 2231 1101 2304 pecuniam
1123 2231 1254 2310 accipere
1277 2232 1330 2294 de·

248 2282 365 2366 baisse,
382 2293 520 2368 qnoniam
539 2297 602 2357 sinc
622 2299 659 2360 iis
674 2301 749 2362 alter
763 2305 845 2366 nullo
863 2306 952 2368 modo
964 2311 1119 2387 pecuniam
1133 2312 1328 2376 medidbset?

246 2367 332 2462 tuuc
346 2379 527 2436 contractum
546 2395 643 2440 nmroe
657 2379 724 2442 labe
740 2383 881 2447 intectum
906 2405 987 2465 csse,
1015 2391 1107 2455 tradit
1129 2395 1249 2457 Carolus
1267 2399 1327 2460 Ga·

245 2447 379 2527 mamilus
393 2453 488 2518 instit.
503 2461 638 2524 euamtt'c.
653 2459 704 2526 tt.
720 2466 740 2525 l
754 2465 802 2528 tit.
821 2469 859 2530 17
874 2465 902 2550 S.
922 2471 993 2533 ΗΞ.

294 2622 326 2702 i.
350 2624 522 2707 xxxvl.
549 2631 697 2730 Reliquas
724 2654 801 2708 sunt
830 2665 940 2736 poenae
966 2645 1002 2713 in
1033 2669 1113 2784 ⁰⁰32
1128 2649 1185 2743 qui
1210 2673 1325 2768 psoras

245 2701 423 2776 exercent}
456 2707 1011 2784 samsom-ww.
1041 2755 1048 2760 ,
1114 2757 1124 2782 1
1166 2761 1174 2766 ,
1559 2743 1564 2750 .

244 2809 419 2855 usurarum
445 2789 513 2875 rei,
540 2810 622 2885 quos
649 2789 805 2858 nimirum
834 2791 869 2859 in
893 2811 933 2859 eo
959 2811 1055 2859 coeno
1079 2789 1188 2886 jacere
1215 2790 1326 2858 mani·

243 2881 329 2955 sesto
358 2899 505 2973 constat,
546 2884 682 2955 infames
711 2880 798 2955 liunt
835 2884 908 2981 (l);
944 2910 1019 2983 quae
1048 2900 1159 2957 tamen
1193 2884 1327 2955 infamia

245 3006 282 3051 er
306 3006 367 3049 usu
403 2998 437 3050 et
462 2984 616 3054 canonica
646 2984 800 3079 {equitate
823 2982 973 3071 tollitur,
1004 2986 1029 3053 si
1056 2984 1264 3079 resipiscant3
1293 2997 1328 3051 et

245 3077 439 3172 irregulares
464 3096 600 3176 propter
621 3096 821 3151 contractam
847 3079 1012 3150 infamiam
1037 3078 1108 3177 (ἓ),
1135 3094 1170 3149 et
1190 3080 1328 3147 intesta-

243 3174 327 3245 biles
357 3172 426 3271 (5),
460 3182 504 3247 ita
536 3190 572 3249 ut
608 3202 742 3267 eorum,
776 3182 802 3249 si
842 3202 919 3275 quae
948 3178 1008 3248 scri
1035 3194 1066 3247 ta
1099 3174 1326 3272 reliquerunt,

244 3290 440 3345 testamenta
472 3300 539 3346 non
575 3274 715 3345 valeant.
745 3274 865 3347 Moniti
896 3290 934 3345 ut
1058 3292 1097 3345 nt
1127 3273 1170 3344 ad
1205 3270 1328 3343 bonam

244 3386 414 3461 mentem,
450 3376 477 3441 si
506 3375 688 3469 pervicaces
720 3373 861 3459 fuerint,
901 3372 1010 3443 clerici
1043 3373 1085 3443 ab
1116 3370 1327 3445 ecclesiastico

243 3466 356 3540 officio
384 3485 418 3540 et
442 3469 604 3543 beneficio
636 3470 870 3568 deponuntur,
898 3472 968 3541 laici
1002 3472 1325 3542 excommunicantur

244 3564 319 3661 (d),
359 3592 396 3637 ac
436 3567 521 3639 male
548 3582 639 3664 parta
677 3570 856 3640 restituere·
880 3567 1135 3639 detrectantibus
1165 3566 1325 3640 absolutio

241 3664 502 3747 sacramentalis,
558 3664 757 3735 Eucharistia
805 3682 839 3738 et
890 3664 1099 3737 ecclesiastica
1157 3660 1324 3763 sepultura

245 3760 428 3857 denegatur
454 3762 524 3858 (5),
558 3762 774 3853 atalaricus,
815 3766 873 3861 qui
904 3763 963 3835 bos
984 3763 1132 3836 homines
1156 3764 1323 3861 sepelivit,

244 3864 355 3931 statim
388 3862 423 3929 iu
451 3862 818 3933 excommunicationem
847 3860 963 3933 incidit
986 3862 1054 3957 (6).
1086 3860 1172 3933 Sunt
1199 3877 1233 3929 et
1253 3858 1324 3929 aliae

243 3982 287 4054 po
314 3956 446 4030 ulorum
497 3959 664 4030 moribus·
699 3984 736 4030 ac
790 3959 917 4057 legibus
956 3958 1100 4030 inductae
1146 3978 1254 4055 poenae
1289 3972 1324 4025 et

238 3986 345 4155 jutiex
376 4080 436 4127 suo
475 4052 609 4128 arbitrio
643 4073 700 4128 aut
743 4056 921 4129 lenioribus
952 4060 1079 4145 utitur,
1123 4069 1180 4124 aut
1223 4076 1321 4151 aspe-

243 4152 399 4243 rioribus,
424 4156 471 4224 uti
501 4179 610 4225 rerum
630 4156 712 4225 ratio
741 4153 906 4249 postulare
938 4151 1080 4225 ridetur.
