3575 5625
244 990 251 1005 .
268 894 436 1051 wupfoet
450 904 550 967 divina
564 904 681 980 Officia,
698 904 731 965 in
744 903 882 966 omnibus
895 902 1043 967 catholicis
1057 906 1155 969 Galliac
1170 906 1301 987 templis,

227 1010 271 1052 sac
283 1009 334 1053 oea
356 1010 366 1051 r
381 1009 436 1051 aar:

309 1120 453 1195 nmine,
470 1114 649 1281 aolvomloc
662 1114 903 1199 liesnpohls'oom5

312 1198 568 1277 nominaretur
594 1196 791 1260 pedunculos.

270 1334 324 1395 tx.
339 1330 489 1410 Episcopi,
508 1331 540 1391 in
554 1348 606 1389 sua
619 1328 743 1407 quisque
761 1328 902 1402 llimccsi,
922 1346 1011 1389 novas
1024 1326 1165 1409 paraecias
1177 1327 1306 1391 circum-

228 1413 375 1490 scribent;
397 1431 464 1491 quac
482 1411 713 1490 circumscriptio
731 1428 818 1471 suum
836 1428 896 1473 non
916 1410 1057 1473 sortietur
1080 1408 1231 1485 ellectum,
1249 1412 1305 1474 nisi

228 1502 385 1577 postquam
400 1493 542 1555 Gubernii
557 1510 713 1555 consensus
727 1493 889 1554 accesserit.

271 1579 312 1639 x.
340 1575 434 1638 lidem
459 1574 592 1654 Episcopi
621 1573 660 1635 ad
683 1576 823 1654 paroeciss
844 1573 1056 1648 nominabunt,
1087 1590 1142 1634 nec
1168 1592 1306 1655 personas

230 1658 371 1738 seligent,
387 1656 444 1718 nisi
458 1656 608 1719 Gubernio
622 1663 763 1735 acceptas.

273 1742 327 1801 Xl.
342 1742 485 1802 Poterunt
502 1738 592 1799 iidem
606 1737 740 1818 Episcopi
754 1735 865 1799 hahere
882 1754 975 1798 unum
988 1736 1147 1815 capitulum
1162 1736 1192 1797 in
1205 1736 1308 1799 cathe-

230 1820 307 1882 drali
327 1821 460 1894 ecclesia,
482 1828 570 1899 atque
587 1838 680 1881 ouum
700 1820 889 1881 seminarium
905 1819 935 1879 in
954 1837 1006 1879 sua
1028 1818 1152 1897 quisque
1164 1818 1306 1894 Dioecesi,

233 1904 299 1965 sine
311 1901 469 1964 dotationis
479 1902 657 1983 obligatione
668 1920 705 1963 ex
717 1908 801 1981 parte
812 1900 966 1962 Gubernii.

274 1987 343 2046 ΧΗ.
368 1984 475 2046 Omnia
498 1983 606 2064 templa
630 1984 869 2064 metropolitana,
893 1980 1086 2055 cathedralia,
1112 1982 1305 2061 parochialia,

232 2074 320 2145 utque
346 2066 403 2127 alia
428 2084 494 2143 que
521 2084 582 2128 non
608 2065 734 2126 alienata
757 2071 843 2139 sunt,
870 2064 963 2127 cultui
989 2065 1163 2140 necesaria,
1189 2066 1308 2146 Episco-

233 2166 340 2227 porum
354 2146 539 2226 dispositioni
554 2146 719 2208 tradentur.

276 2231 361 2291 Xlll.
376 2229 519 2291 sanctitas
533 2231 606 2302 Suu,
623 2247 677 2307 pro
698 2228 776 2308 pacis
796 2226 874 2289 hono
891 2225 1026 2305 felicique
1038 2227 1199 2309 Religionis
1219 2228 1308 2289 resti·

234 2311 360 2383 tutione,
386 2310 514 2371 declarat
526 2329 592 2380 eos,
606 2310 659 2388 qui
681 2308 758 2371 hona
777 2309 911 2371 Ecclesiae
937 2310 1059 2371 alienata
1073 2309 1306 2389 acquisiverunt,

234 2392 399 2452 molestiam
425 2392 537 2453 nullam
567 2390 736 2465 habituros,
762 2409 858 2469 neque
883 2409 901 2451 a
926 2409 972 2464 se,
999 2410 1094 2470 neqm
1120 2408 1136 2453 a
1170 2392 1309 2454 Romanis

233 2473 425 2534 Pontificibus
438 2472 653 2535 successoribus
666 2473 738 2547 suis,
751 2491 785 2534 ac
798 2481 1008 2551 consequenter
1022 2473 1185 2553 proprietas
1195 2492 1310 2535 corum·

234 2554 303 2615 dem
325 2554 486 2626 bonorum,
503 2554 616 2616 reditus
630 2564 660 2616 et
677 2554 745 2633 jura
757 2554 794 2615 iis
808 2553 998 2630 inhaerentia,
1013 2554 1208 2617 immutabilia
1220 2574 1309 2636 penos

232 2637 310 2717 ipsos
324 2644 411 2697 erunt
425 2643 513 2712 atque
525 2635 563 2696 ob
576 2637 646 2714 ipsis
660 2654 776 2696 causam
791 2635 944 2697 habentes.

274 2719 357 2778 XlV.
390 2715 574 2777 Gubernium
599 2716 748 2796 gallicanas
775 2716 955 2795 Reipublicae
979 2717 1009 2777 in
1038 2736 1069 2778 se
1094 2719 1214 2798 recipit,
1245 2726 1308 2781 tum
1396 2766 1397 2771 η

233 2800 459 2879 Episcoporum,
473 2806 537 2860 tum
552 2797 758 2878 parochorum,
770 2817 897 2878 quorum
908 2794 1045 2860 dioeceses
1057 2808 1144 2880 atque
1157 2799 1309 2880 parochias

131 2951 140 2966 ·
233 2901 308 2944 nora
322 2881 555 2960 circumscriptio
570 2880 792 2959 complectetur,
817 2880 1074 2954 sustentationem,
1090 2901 1156 2959 qum
1170 2881 1310 2962 cujusque

232 2971 341 3023 statum
354 2963 465 3022 deceat.

276 3047 342 3105 XV.
358 3043 441 3105 ldcm
458 3041 640 3104 Guberniam
659 3041 790 3114 curabit,
808 3049 842 3101 ut
865 3039 1015 3101 catholicis
1029 3041 1059 3100 in
1077 3042 1167 3104 Gallia
1181 3041 1309 3106 liberum

232 3125 287 3197 sit,
299 3123 324 3185 si
335 3126 472 3196 libuerit,
488 3124 615 3186 ecclesiis
626 3125 775 3184 consulere
792 3123 875 3184 novis
888 3120 1122 3184 fundationibus.

276 3208 356 3268 xvt.
385 3209 527 3267 Sanctitas
551 3209 608 3268 Sua
632 3207 813 3287 recognoscit
838 3205 871 3265 in
897 3205 995 3285 primo
1016 3205 1139 3266 Consule
1161 3205 1309 3286 gallicanas

236 3287 430 3367 Reipublicae,
460 3287 561 3348 eadem
586 3289 654 3366 jura
678 3307 711 3348 ac
738 3287 905 3367 privilegio,
938 3285 1045 3364 quibus
1068 3286 1147 3368 opud
1174 3289 1309 3350 Sanctum

233 3370 338 3430 Sedcm
353 3368 507 3428 fruebatur
520 3370 673 3448 antiquum
688 3371 832 3449 regimen.

274 3453 369 3511 xvtt.
391 3452 535 3528 Utrinque
557 3461 733 3511 conventum
754 3460 813 3524 est,
834 3450 915 3530 quod
938 3449 968 3511 in
984 3470 1050 3514 casu
1075 3471 1133 3530 quo
1153 3452 1258 3531 aliquis
1272 3471 1308 3514 ex

232 3531 445 3592 successorihus
459 3531 594 3592 hodierni
609 3533 697 3611 primi
715 3533 847 3594 Consulis
861 3531 1033 3594 catholicam
1051 3533 1232 3614 Religionem
1249 3555 1308 3597 non

234 3611 440 3692 profiteretur,
470 3631 558 3692 super
578 3613 697 3691 juribus
721 3624 751 3674 et
776 3615 936 3694 privilegiis
960 3615 990 3675 in
1019 3616 1162 3695 superiori
1186 3619 1309 3678 articulo

233 3693 483 3771 commemoratis,
503 3713 557 3754 nec
579 3714 637 3756 non
654 3713 743 3773 super
762 3697 962 3757 nominatione
985 3695 1022 3758 ad
1036 3698 1308 3778 Archiepiscopatus

232 3784 262 3836 ct
274 3775 474 3854 Episcopatus,
490 3783 623 3854 respectu
639 3776 745 3854 ipsius,
759 3796 834 3838 nova
844 3777 999 3840 conventio
1011 3777 1074 3839 tiss.

274 3856 512 3918 lictilicationum
526 3865 624 3918 autem
647 3856 766 3918 traditio
784 3860 902 3921 Parisiis
917 3857 968 3924 fiet
984 3859 1175 3942 quadraginta
1191 3859 1306 3920 dicrum

234 3938 341 4018 spatio.

273 4022 382 4081 Datum
397 4019 530 4093 Parisiis,
547 4017 595 4080 die
611 4021 649 4080 lh
663 4020 772 4081 mensis
782 4021 852 4082 lulii
868 4023 960 4083 leot.

232 4146 385 4226 Herculeo,
399 4145 571 4210 cardinalis
582 4130 732 4210 cassisa.
747 4150 789 4228 (h.
804 4149 849 4228 S.)
931 4153 996 4214 Joa.
1013 4153 1187 4212 Bonarsnrs.
1242 4147 1305 4228 .S.)

357 4233 422 4293 Joa.
439 4227 569 4310 archiep.
588 4227 731 4291 Corinthi.
748 4231 790 4310 (h.
805 4229 850 4308 S.)
1066 4233 1189 4292 cascar.
1240 4231 1306 4390 .S.}

409 4313 445 4373 F.
463 4308 588 4374 Carolus
602 4315 729 4376 Cuncta.
744 4311 788 4394 (t.
804 4313 849 4393 S.)
1055 4314 1187 4374 Benarni.
1238 4313 1291 4374 .S.
