3575 5625
707 595 853 666 -tet
880 639 930 654 -

317 749 360 826 (ὅ)
384 747 459 827 Cup.
476 746 516 806 m
530 742 567 806 de
580 751 706 808 tentent.
722 763 909 806 ercomenon.
926 745 958 806 itt
972 747 1003 806 6.

318 828 361 908 (l)
381 827 544 890 Concilium
558 826 767 889 Tridentinum
780 844 852 888 sess.
870 827 910 886 ii
924 843 990 910 cop.
1007 828 1025 888 6
1041 825 1077 888 de
1092 826 1216 910 reform.

318 909 361 990 (t)
384 913 457 992 Cup.
473 911 512 970 ld
524 905 562 968 dc
574 915 699 969 scatent.
715 906 931 968 excommunic.

323 1060 354 1163 S.
392 1061 436 1132 V.
473 1061 600 1133 Praeter
630 1060 867 1134 absolutionem
912 1087 930 1132 a
969 1065 1133 1158 censuris,
1173 1090 1250 1162 quae
1282 1087 1356 1166 post

273 1160 562 1248 emendationem,
604 1175 660 1230 aut
705 1157 836 1228 linitam
882 1183 1009 1230 causam
1053 1162 1090 1230 iis
1140 1164 1354 1258 conceditur,

273 1260 335 1356 qui
360 1260 487 1330 crimen
514 1255 735 1344 admiserunt,
772 1271 821 1326 est
854 1258 953 1326 etiam
984 1256 1143 1331 absolutio
1183 1263 1235 1334 od
1266 1257 1356 1337 eou-

275 1356 404 1444 telom,
440 1379 515 1452 qum
550 1352 647 1425 datur
681 1353 723 1423 ad
755 1354 913 1448 majorem
957 1358 1162 1447 cautionem,
1198 1373 1236 1431 ut
1282 1386 1357 1432 om·

274 1455 346 1542 nis,
376 1477 454 1550 quae
490 1452 574 1524 forte
604 1456 673 1523 esse
702 1465 830 1549 potest,
870 1449 1081 1525 dubitationis
1113 1479 1206 1528 causa
1243 1483 1355 1530 remo-

274 1565 401 1621 veatur.
461 1548 509 1620 tta
555 1573 654 1645 porro
701 1547 876 1619 adhibetur
922 1551 958 1620 in
995 1551 1148 1622 omnibus
1194 1559 1356 1652 rescriptis

274 1646 439 1745 bullisque
472 1646 676 1743 apostolicis,
718 1673 762 1717 ne
794 1647 876 1743 quid
913 1647 1150 1744 impedimento
1182 1653 1237 1743 sit,
1268 1677 1356 1749 quo·-

274 1747 385 1816 minus
420 1769 569 1816 conceua
603 1746 706 1840 gratia
745 1747 810 1814 rim
843 1760 879 1816 et
916 1748 1040 1816 exitum
1079 1745 1216 1837 babeat,
1256 1753 1356 1822 item·

275 1867 340 1938 que
368 1869 387 1912 a
417 1839 658 1931 sacerdotibus,
696 1843 755 1938 qui
782 1857 1021 1916 sacramentum
1056 1846 1259 1940 poenitentiae
1295 1847 1357 1918 ad-

275 1942 482 2030 ministrant,
524 1939 748 2011 sacramentali
790 1939 986 2012 absolutioni
1031 1944 1265 2038 praemittitur,
1314 1971 1358 2018 ne

273 2052 411 2134 propter
450 2063 620 2110 oemnram
650 2063 671 2106 a
693 2039 771 2134 jure
810 2037 933 2108 illatam
968 2053 1002 2110 et
1035 2041 1199 2135 ignotam,
1234 2042 1385 2112 inutilis¹

275 2133 434 2206 absolutio
458 2138 511 2206 sit.
547 2135 699 2231 Denique
730 2135 820 2205 locus
857 2150 907 2205 est
941 2138 1119 2230 generatim
1162 2138 1356 2211 absolutioni

275 2229 318 2300 ad
353 2232 534 2322 cautelam,
580 2257 656 2304 cum
708 2235 873 2303 incertum
918 2249 988 2324 est,
1031 2259 1113 2305 num
1156 2237 1229 2331 quis
1272 2263 1355 2308 cen·

275 2353 383 2400 suram
428 2333 642 2420 contraxerit,
692 2346 749 2402 aut
782 2357 857 2402 cum
903 2331 945 2404 de
990 2332 1021 2400 vi
1071 2330 1173 2406 illatae
1211 2357 1354 2406 censurae

274 2425 446 2498 dubitatur
472 2427 542 2524 (1)

319 2571 362 2654 (l)
385 2576 458 2656 Cup.
476 2570 703 2636 roseaceum.
721 2575 939 2638 excommunic.

320 2725 352 2829 ς.
382 2727 441 2800 Vl.
482 2729 541 2802 Est
578 2744 612 2800 ct
650 2727 809 2801 absolutio
846 2729 898 2802 od
936 2729 1229 2825 reincidentriam,
1280 2759 1355 2833 quae

274 2826 372 2899 datur
396 2826 438 2899 ad
474 2842 600 2901 certum
629 2844 780 2925 tempus,
823 2844 880 2897 aut
910 2828 952 2899 ad
984 2842 1112 2899 certum
1142 2845 1276 2920 actum,
1308 2834 1354 2903 ite

272 2941 312 2997 ut
346 2942 497 3023 tempore
530 2924 664 3023 elapso,
705 2943 763 2997 aut
805 2941 879 2997 actu
920 2940 1051 3021 peracto
1095 2928 1139 2994 ita
1185 2926 1352 2999 absolutus

272 3024 393 3094 iterum
428 3049 562 3094 censura
600 3023 798 3122 implicetur.
833 3020 921 3107 Quae
958 3021 1117 3093 absolutio
1156 3022 1225 3093 dari
1272 3024 1355 3096 solet

273 3144 349 3191 cum
381 3136 468 3192 certa
498 3120 591 3217 lege,
626 3121 775 3193 videlicet
814 3137 852 3191 ut
889 3118 1012 3191 laedens
1054 3121 1140 3191 intra
1176 3120 1352 3192 definitum

273 3231 403 3315 tempus
432 3218 511 3291 laeso
545 3217 733 3307 satisfaciat,
767 3234 824 3289 aut
857 3234 946 3289 certa
980 3219 1107 3315 pietatis
1146 3242 1245 3317 opera
1282 3245 1350 3289 sus·

273 3316 391 3411 cipiat,
433 3319 486 3387 cui
530 3314 595 3410 legi
634 3314 895 3387 satisfaciendum
943 3330 991 3386 est
1040 3318 1217 3388 constituto
1260 3332 1350 3387 tem·

273 3436 374 3507 pore,
410 3439 478 3510 quo
511 3412 621 3511 elapso
655 3440 791 3486 censura
822 3414 980 3487 reviviscit
1020 3427 1054 3483 et
1092 3415 1149 3511 qui
1181 3414 1244 3509 legi
1285 3438 1353 3485 non

272 3508 447 3601 satisfecit,
484 3538 560 3583 cum
595 3510 686 3583 nulla
710 3513 799 3611 justa
831 3536 925 3583 causa
964 3509 1202 3609 impediretur,
1241 3534 1352 3583 rursus

271 3607 308 3676 in
336 3632 505 3680 censuram
529 3608 659 3680 incidit.

320 3752 350 3855 ς.
379 3754 454 3826 Vll.
502 3754 571 3827 Neo
622 3769 753 3827 tantum
797 3758 877 3827 vivis
930 3758 1235 3845 excommunicatis,
1293 3756 1351 3827 sed

269 3855 370 3924 etiam
407 3868 482 3950 post
511 3878 624 3925 eorum
656 3851 784 3923 obitum
822 3878 910 3949 saepe
945 3852 986 3924 ab
1030 3853 1161 3925 ecclesia
1202 3876 1351 3923 censuras

270 3949 426 4021 relaxatas
450 3950 547 4022 luisse
570 3965 707 4021 constat.
743 3949 908 4021 Nimirum
942 3952 969 4021 si
1001 3952 1073 4048 quis
1107 3950 1249 4019 moriens
1275 3965 1352 4020 ante

271 4049 481 4145 impetratam
525 4072 638 4144 pacem
676 4061 763 4118 certa
817 4045 958 4118 dedisset
1018 4046 1245 4142 paenitentiae,
1295 4061 1353 4117 aut

270 4143 507 4216 emendationis
552 4158 762 4242 argumenta,
804 4143 855 4215 rel
897 4168 936 4215 eo
977 4158 1108 4215 mortuo
1155 4159 1350 4237 appareret,
