3575 5625
678 659 899 730 —Iii—

242 808 392 888 gationem
406 825 465 888 per
479 823 601 868 acerem
614 808 867 884 communionem,
881 825 948 886 quaa
961 807 1016 869 hoo
1029 806 1117 869 modo
1131 805 1233 868 fiebat.
1249 810 1324 870 Cum

242 890 350 967 aliquis
370 896 522 948 accusatus
545 905 664 948 omnem
684 888 723 950 ab
743 908 775 950 se
799 907 951 950 removere
973 890 1107 969 cupiebat
1128 889 1324 968 suspicionem

242 970 392 1041 criminis,
415 969 495 1063 qnod
513 969 560 1064 uel
575 987 635 1031 non
653 977 768 1048 poterat
786 969 998 1066 demonstrari,
1015 972 1061 1032 rel
1087 971 1241 1066 nonsatis
1261 971 1326 1030 evi·

242 1050 786 1209 &tuffbtutttt‘btt
798 1051 1326 1213 trittiutuiututtuio

242 1215 310 1274 aliis
322 1213 517 1294 presentibus
534 1213 717 1292 declarabat,
734 1215 781 1276 bia
801 1223 852 1276 aut
873 1215 1019 1276 similibus
1038 1213 1157 1275 verbis:
1185 1239 1199 1266 o
1214 1215 1325 1293 Corpus

243 1295 364 1357 Domini
378 1296 418 1356 ait
430 1293 505 1354 mihi
519 1294 558 1355 ad
575 1297 779 1377 purgationem
792 1294 891 1357 bodie.
912 1322 925 1351 o
948 1297 1051 1358 Plures
1070 1294 1239 1374 hujusmodi
1257 1315 1326 1374 pur·

241 1377 364 1458 gatione
376 1377 419 1436 nti
433 1376 618 1438 consuevisse
633 1385 756 1438 testatur
771 1379 950 1440 Muratoriua
967 1377 1062 1460 antiq.
1082 1373 1155 1438 nat.
1176 1374 1249 1438 diac.
1271 1377 1325 1454 38,

241 1458 298 1536 qui
323 1457 398 1517 illud
418 1459 507 1518 etiam
536 1458 759 1534 animadvertat,
789 1460 868 1539 quod
893 1477 1072 1538 quamquam
1097 1457 1159 1519 boec
1186 1458 1323 1540 purgatio

243 1557 352 1618 param
368 1537 502 1599 diffmret
519 1539 557 1600 ab
574 1557 623 1619 ea,
641 1559 707 1620 quo
721 1560 775 1621 per
789 1542 992 1620 juramentum
1015 1539 1121 1615 flebat,
1139 1547 1237 1600 tamen
1256 1557 1324 1618 pos-

242 1620 348 1681 teriori
363 1628 467 1696 tetate,
481 1621 613 1701 legitima
624 1630 654 1683 et
666 1623 804 1684 canonica
821 1624 957 1702 purgatio
968 1624 1170 1703 juramentum
1185 1619 1322 1681 babitum

243 1711 303 1762 eat.
317 1701 396 1764 Alias
410 1720 529 1781 qnoqrre
537 1703 731 1864 purgationes
746 1703 886 1766 describit
901 1705 1062 1767 biartenins
1079 1701 1114 1764 de
1134 1703 1230 1786 antiq.
1251 1700 1322 1764 cccl.

243 1779 523 1865 rit.lib.5cop.7
557 1787 689 1846 ‚teat

293 1923 324 2023 ς.
353 1925 494 2000 XXVII.
536 1928 576 1999 In
616 1929 847 2027 probationum
884 1930 1035 2002 ordinem
1064 1927 1233 2000 referenda
1274 1942 1323 2000 est

243 2025 343 2092 etiam
370 2027 527 2118 inspectio
565 2029 632 2116 rei,
662 2052 736 2124 quae
766 2053 784 2096 a
812 2027 926 2122 judice
962 2027 1157 2114 adhibetur,
1176 2042 1214 2096 ut
1245 2049 1321 2097 oco-

241 2118 284 2189 Iis
312 2118 481 2219 subjiciat,
513 2147 589 2219 quae
624 2149 693 2196 non
723 2127 798 2195 aatia
825 2141 912 2196 certa
945 2140 979 2196 et
1013 2123 1178 2220 explorata
1216 2136 1317 2210 sunt,

241 2231 343 2313 atquc
385 2221 430 2290 ita
472 2219 641 2293 oculorum
686 2223 871 2295 testimonio
917 2223 1168 2295 controversiam
1218 2245 1320 2316 expe·

241 2311 323 2384 diat.
355 2313 449 2386 Hane
476 2319 711 2414 inspectionem
743 2322 934 2416 pragmatici
968 2344 1146 2392 ocrearum
1180 2332 1318 2404 vocant,

241 2413 320 2506 quia
340 2411 443 2510 judex
472 2414 514 2484 ad
551 2442 622 2486 rem
650 2417 887 2512 inspiciendam
916 2415 1060 2506 accedit,
1099 2418 1194 2512 eique
1229 2413 1319 2484 Iocus

240 2523 295 2578 est
318 2511 414 2579 iniis
442 2511 539 2582 rebus
569 2537 647 2610 quae
671 2514 732 2584 nub
765 2514 875 2586 ocqus
904 2513 1044 2601 oadunt3
1080 2512 1178 2584 veluti
1211 2513 1245 2580 in
1257 2512 1318 2608 ju-

239 2604 331 2678 dicio
361 2605 480 2679 finium
509 2609 733 2705 regundorum
768 2637 806 2682 ac
832 2614 1046 2700 servitutum,
1077 2612 1109 2680 in
1141 2611 1216 2680 novi
1244 2633 1319 2702 ope·

239 2704 287 2772 ris
313 2707 540 2798 nuntiatione,
566 2710 601 2779 in
633 2723 731 2780 aetate
764 2733 802 2778 ex
827 2708 942 2779 babitu
982 2711 1126 2802 corporis
1152 2707 1318 2777 definien-

239 2798 306 2889 da,
333 2803 371 2873 in
404 2807 505 2874 causis
540 2803 856 2895 matrimonialibus,
898 2807 932 2877 in
972 2805 1091 2901 quibus
1136 2805 1317 2903 quaeritur,

239 2924 325 2969 num
353 2898 470 2996 aliquia
489 2918 586 3000 aptus
609 2903 652 2973 ad
680 2906 926 2976 matrimonium
958 2906 1022 2991 sit,
1060 2928 1141 2973 num
1171 2924 1320 2997 unquam

238 3021 396 3068 venerem
428 3004 617 3073 exercuerit.
658 3001 783 3073 Verum
820 3004 856 3071 in
889 3001 937 3071 hia
975 3004 1076 3070 causis
1113 2998 1215 3097 judex
1248 3020 1317 3066 non

238 3093 332 3165 aqua
369 3121 442 3165 rem
476 3099 579 3193 ipsam
617 3100 768 3196 inspicit,
812 3097 869 3169 sed
907 3100 990 3167 viroa
1028 3094 1163 3167 adhibet
1196 3095 1317 3190 peritos

238 3192 307 3279 rei,
350 3191 394 3264 de
427 3219 492 3289 qua
533 3198 658 3290 agitur,
705 3212 763 3267 ant
800 3197 877 3292 ipsis
913 3193 1077 3294 judicium
1124 3190 1312 3263 committit.

238 3286 334 3373 Quin
374 3292 411 3361 in
449 3295 550 3363 causis
589 3292 881 3367 matrimonialibus
928 3291 985 3363 ubi
1022 3292 1202 3388 quaeritur,
1236 3312 1318 3357 num

237 3388 315 3481 quis
335 3386 446 3459 liberis
473 3416 604 3487 operam
629 3390 708 3463 dare
738 3394 861 3488 possit,
898 3392 998 3461 viria
1022 3387 1156 3461 medicis
1182 3401 1217 3458 et
1245 3383 1317 3455 ohi-

236 3486 365 3579 rurgia,
395 3486 547 3559 molierea
574 3489 617 3559 ab
648 3490 791 3562 honestis
826 3490 984 3561 matronis
1015 3504 1049 3560 et
1087 3482 1317 3559 obstetricibus

238 3582 462 3679 irnpiciuntur
486 3585 552 3682 (I).

281 3751 325 3834 (t)
346 3755 420 3836 Gap.
436 3757 500 3816 tet
515 3757 551 3817 tt
564 3754 601 3817 de
614 3754 722 3832 Prob.,·
741 3774 767 3819 e.
782 3759 801 3819 6
815 3766 842 3819 et
855 3774 918 3842 aeq.
934 3755 971 3820 de
982 3752 1089 3840 [ripid.
1106 3764 1133 3816 et
1145 3752 1276 3836 malefic.

287 3907 320 4008 ᾗ.
355 3908 522 3981 XXVIII.
558 3912 710 4009 Denique
746 3915 811 3984 vim
841 3913 1042 4009 probationis
1072 3911 1195 3983 babent
1227 3931 1318 4006 prce-

233 4008 443 4173 aumptiones
460 4009 549 4103 ‘(I),
578 4033 651 4105 quan
678 4028 755 4081 aunt
781 4014 978 4111 conjecturae
1010 4036 1049 4081 ex
1081 4009 1190 4107 aliquo
1214 4006 1318 4121 've-ri-

231 4130 337 4175 srmrr
373 4103 417 4175 ad
444 4105 653 4201 probandum
688 4126 827 4206 aumptae
865 4109 939 4204 (ᾖ),
976 4132 1089 4275 eaegue
1125 4105 1176 4177 vei
1208 4124 1314 4200 puris,

232 4200 290 4275 ael
329 4200 471 4274 hominia
501 4220 593 4277 sunt.
633 4205 852 4303 Praesumptio
876 4206 1005 4305 jurisa
1042 4230 1101 4300 ege
1137 4197 1311 4299 procedit,
