<?xml version="1.0" encoding="UTF-8"?>
<!DOCTYPE html PUBLIC "-//W3C//DTD XHTML 1.0 Transitional//EN"
    "http://www.w3.org/TR/xhtml1/DTD/xhtml1-transitional.dtd">
<html xmlns="http://www.w3.org/1999/xhtml" xml:lang="en" lang="en">
 <head>
  <title>
</title>
<meta http-equiv="Content-Type" content="text/html;charset=utf-8" />
  <meta name='ocr-system' content='tesseract 3.04.00' />
  <meta name='ocr-capabilities' content='ocr_page ocr_carea ocr_par ocr_line ocrx_word'/>
</head>
<body>
  <div class='ocr_page' id='page_1' title='image "./institutionumca01devogoog_0034.png"; bbox 0 0 3575 5625; ppageno 0'>
   <div class='ocr_carea' id='block_1_1' title="bbox 663 675 858 746">
    <p class='ocr_par' dir='ltr' id='par_1_1' title="bbox 663 675 858 746">
     <span class='ocr_line' id='line_1_1' title="bbox 663 675 858 746; baseline 0.01 -16"><span class='ocrx_word' id='word_1_1' title='bbox 663 675 858 746; x_wconf 66' lang='lat'>...25-</span> 
     </span>
    </p>
   </div>
   <div class='ocr_carea' id='block_1_2' title="bbox 222 821 1305 4353">
    <p class='ocr_par' dir='ltr' id='par_1_2' title="bbox 222 821 1300 2796">
     <span class='ocr_line' id='line_1_2' title="bbox 263 821 1297 908; baseline 0.005 -22"><span class='ocrx_word' id='word_1_2' title='bbox 263 825 310 906; x_wconf 75' lang='lat'><strong>(5)</strong></span> <span class='ocrx_word' id='word_1_3' title='bbox 329 821 485 886; x_wconf 85' lang='lat' dir='ltr'><strong>Ecclesiam</strong></span> <span class='ocrx_word' id='word_1_4' title='bbox 506 822 539 882; x_wconf 91' lang='lat' dir='ltr'><strong>in</strong></span> <span class='ocrx_word' id='word_1_5' title='bbox 553 821 738 884; x_wconf 88' lang='lat' dir='ltr'><strong>excercendis</strong></span> <span class='ocrx_word' id='word_1_6' title='bbox 752 823 870 903; x_wconf 77' lang='lat' dir='ltr'><strong>iudiciis</strong></span> <span class='ocrx_word' id='word_1_7' title='bbox 883 823 1053 888; x_wconf 76' lang='lat' dir='ltr'><strong>adhibuisse</strong></span> <span class='ocrx_word' id='word_1_8' title='bbox 1065 826 1238 890; x_wconf 80' lang='lat' dir='ltr'><strong>methodum</strong></span> <span class='ocrx_word' id='word_1_9' title='bbox 1249 830 1297 908; x_wconf 81' lang='lat' dir='ltr'><strong>ja·</strong></span> 
     </span>
     <span class='ocr_line' id='line_1_3' title="bbox 223 903 1296 990; baseline 0.004 -22"><span class='ocrx_word' id='word_1_10' title='bbox 223 905 393 981; x_wconf 83' lang='lat' dir='ltr'><strong>diciariam,</strong></span> <span class='ocrx_word' id='word_1_11' title='bbox 409 903 570 966; x_wconf 84' lang='lat' dir='ltr'><strong>ostendunt</strong></span> <span class='ocrx_word' id='word_1_12' title='bbox 579 913 642 965; x_wconf 92' lang='lat' dir='ltr'><strong>tum</strong></span> <span class='ocrx_word' id='word_1_13' title='bbox 653 923 702 980; x_wconf 88' lang='lat' dir='ltr'><strong>sa,</strong></span> <span class='ocrx_word' id='word_1_14' title='bbox 715 925 781 985; x_wconf 78' lang='lat' dir='ltr'><strong>quaa</strong></span> <span class='ocrx_word' id='word_1_15' title='bbox 794 907 880 986; x_wconf 91' lang='lat' dir='ltr'><strong>paulo</strong></span> <span class='ocrx_word' id='word_1_16' title='bbox 893 915 962 969; x_wconf 89' lang='lat' dir='ltr'><strong>ante</strong></span> <span class='ocrx_word' id='word_1_17' title='bbox 973 907 1118 985; x_wconf 81' lang='lat' dir='ltr'>diximus,</span> <span class='ocrx_word' id='word_1_18' title='bbox 1133 913 1296 990; x_wconf 76' lang='lat' dir='ltr'><strong>presertim</strong></span> 
     </span>
     <span class='ocr_line' id='line_1_4' title="bbox 223 985 1297 1070; baseline 0.005 -20"><span class='ocrx_word' id='word_1_19' title='bbox 223 991 261 1050; x_wconf 90' lang='lat' dir='ltr'><strong>de</strong></span> <span class='ocrx_word' id='word_1_20' title='bbox 275 989 427 1064; x_wconf 79' lang='lat' dir='ltr'><strong>Nestorio,</strong></span> <span class='ocrx_word' id='word_1_21' title='bbox 448 985 599 1066; x_wconf 76' lang='lat' dir='ltr'>Eutyche,</span> <span class='ocrx_word' id='word_1_22' title='bbox 622 987 778 1061; x_wconf 87' lang='lat' dir='ltr'><strong>Dioscoro‚</strong></span> <span class='ocrx_word' id='word_1_23' title='bbox 803 995 867 1050; x_wconf 90' lang='lat' dir='ltr'><strong>tum</strong></span> <span class='ocrx_word' id='word_1_24' title='bbox 892 989 1005 1052; x_wconf 77' lang='lat' dir='ltr'><strong>indoles</strong></span> <span class='ocrx_word' id='word_1_25' title='bbox 1027 993 1089 1070; x_wconf 86' lang='lat' dir='ltr'><strong>ipsa</strong></span> <span class='ocrx_word' id='word_1_26' title='bbox 1113 1010 1229 1068; x_wconf 87' lang='lat' dir='ltr'><strong>rerum,</strong></span> <span class='ocrx_word' id='word_1_27' title='bbox 1258 993 1297 1054; x_wconf 89' lang='lat' dir='ltr'><strong>de</strong></span> 
     </span>
     <span class='ocr_line' id='line_1_5' title="bbox 223 1069 1298 1152; baseline 0.006 -22"><span class='ocrx_word' id='word_1_28' title='bbox 223 1071 333 1152; x_wconf 87' lang='lat' dir='ltr'><strong>quibus</strong></span> <span class='ocrx_word' id='word_1_29' title='bbox 357 1071 485 1131; x_wconf 69' lang='lat' dir='ltr'><strong>ecclesie</strong></span> <span class='ocrx_word' id='word_1_30' title='bbox 495 1069 607 1148; x_wconf 83' lang='lat' dir='ltr'><strong>judicio</strong></span> <span class='ocrx_word' id='word_1_31' title='bbox 621 1070 768 1150; x_wconf 86' lang='lat' dir='ltr'><strong>agendum</strong></span> <span class='ocrx_word' id='word_1_32' title='bbox 795 1079 870 1132; x_wconf 86' lang='lat' dir='ltr'><strong>erat.</strong></span> <span class='ocrx_word' id='word_1_33' title='bbox 887 1071 1070 1134; x_wconf 78' lang='lat' dir='ltr'><strong>Delinicndoe</strong></span> <span class='ocrx_word' id='word_1_34' title='bbox 1082 1083 1166 1134; x_wconf 86' lang='lat' dir='ltr'><strong>erant</strong></span> <span class='ocrx_word' id='word_1_35' title='bbox 1179 1082 1298 1137; x_wconf 88' lang='lat' dir='ltr'><strong>contro-</strong></span> 
     </span>
     <span class='ocr_line' id='line_1_6' title="bbox 222 1152 1296 1234; baseline 0.004 -20"><span class='ocrx_word' id='word_1_36' title='bbox 222 1155 342 1228; x_wconf 77' lang='lat' dir='ltr'><strong>versiae,</strong></span> <span class='ocrx_word' id='word_1_37' title='bbox 361 1172 428 1232; x_wconf 74' lang='lat' dir='ltr'><strong>qum</strong></span> <span class='ocrx_word' id='word_1_38' title='bbox 442 1153 598 1212; x_wconf 78' lang='lat' dir='ltr'><strong>fervebant</strong></span> <span class='ocrx_word' id='word_1_39' title='bbox 617 1152 696 1212; x_wconf 90' lang='lat' dir='ltr'><strong>inter</strong></span> <span class='ocrx_word' id='word_1_40' title='bbox 712 1152 786 1213; x_wconf 90' lang='lat' dir='ltr'><strong>duos</strong></span> <span class='ocrx_word' id='word_1_41' title='bbox 806 1153 943 1231; x_wconf 87' lang='lat' dir='ltr'><strong>pluresve</strong></span> <span class='ocrx_word' id='word_1_42' title='bbox 964 1155 1099 1230; x_wconf 88' lang='lat' dir='ltr'><strong>clericos,</strong></span> <span class='ocrx_word' id='word_1_43' title='bbox 1119 1156 1171 1234; x_wconf 90' lang='lat' dir='ltr'><strong>qui</strong></span> <span class='ocrx_word' id='word_1_44' title='bbox 1191 1157 1230 1217; x_wconf 83' lang='lat' dir='ltr'><strong>ad</strong></span> <span class='ocrx_word' id='word_1_45' title='bbox 1242 1157 1296 1218; x_wconf 92' lang='lat' dir='ltr'><strong>lai·</strong></span> 
     </span>
     <span class='ocr_line' id='line_1_7' title="bbox 224 1235 1298 1314; baseline 0.003 -17"><span class='ocrx_word' id='word_1_46' title='bbox 224 1255 271 1296; x_wconf 88' lang='lat' dir='ltr'><strong>cos</strong></span> <span class='ocrx_word' id='word_1_47' title='bbox 281 1235 397 1314; x_wconf 83' lang='lat' dir='ltr'><strong>judices</strong></span> <span class='ocrx_word' id='word_1_48' title='bbox 408 1235 454 1305; x_wconf 81' lang='lat' dir='ltr'><strong>irc</strong></span> <span class='ocrx_word' id='word_1_49' title='bbox 469 1252 528 1295; x_wconf 93' lang='lat' dir='ltr'><strong>non</strong></span> <span class='ocrx_word' id='word_1_50' title='bbox 543 1241 690 1314; x_wconf 89' lang='lat' dir='ltr'><strong>poteraut.</strong></span> <span class='ocrx_word' id='word_1_51' title='bbox 709 1235 861 1310; x_wconf 85' lang='lat' dir='ltr'><strong>Quomodo</strong></span> <span class='ocrx_word' id='word_1_52' title='bbox 874 1235 923 1296; x_wconf 80' lang='lat' dir='ltr'><strong>hm</strong></span> <span class='ocrx_word' id='word_1_53' title='bbox 935 1238 1140 1297; x_wconf 73' lang='lat' dir='ltr'><strong>controversie</strong></span> <span class='ocrx_word' id='word_1_54' title='bbox 1151 1238 1215 1298; x_wconf 85' lang='lat' dir='ltr'><strong>sine</strong></span> <span class='ocrx_word' id='word_1_55' title='bbox 1228 1256 1298 1300; x_wconf 82' lang='lat' dir='ltr'><strong>vero</strong></span> 
     </span>
     <span class='ocr_line' id='line_1_8' title="bbox 222 1311 1297 1397; baseline 0.002 -17"><span class='ocrx_word' id='word_1_56' title='bbox 222 1319 412 1397; x_wconf 73' lang='lat' dir='ltr'><strong>perlectoque</strong></span> <span class='ocrx_word' id='word_1_57' title='bbox 417 1311 531 1395; x_wconf 82' lang='lat' dir='ltr'><strong>judicio</strong></span> <span class='ocrx_word' id='word_1_58' title='bbox 546 1315 665 1378; x_wconf 87' lang='lat' dir='ltr'><strong>deliniri</strong></span> <span class='ocrx_word' id='word_1_59' title='bbox 678 1318 860 1396; x_wconf 81' lang='lat' dir='ltr'><strong>potuissent?</strong></span> <span class='ocrx_word' id='word_1_60' title='bbox 875 1321 987 1380; x_wconf 77' lang='lat' dir='ltr'><strong>lteram</strong></span> <span class='ocrx_word' id='word_1_61' title='bbox 1002 1319 1034 1379; x_wconf 95' lang='lat' dir='ltr'><strong>in</strong></span> <span class='ocrx_word' id='word_1_62' title='bbox 1048 1317 1104 1380; x_wconf 91' lang='lat' dir='ltr'><strong>hoc</strong></span> <span class='ocrx_word' id='word_1_63' title='bbox 1111 1319 1224 1397; x_wconf 86' lang='lat' dir='ltr'><strong>judicio</strong></span> <span class='ocrx_word' id='word_1_64' title='bbox 1234 1331 1297 1382; x_wconf 87' lang='lat' dir='ltr'><strong>crat</strong></span> 
     </span>
     <span class='ocr_line' id='line_1_9' title="bbox 223 1397 1298 1480; baseline 0.004 -20"><span class='ocrx_word' id='word_1_65' title='bbox 223 1419 325 1476; x_wconf 85' lang='lat' dir='ltr'><strong>causa,</strong></span> <span class='ocrx_word' id='word_1_66' title='bbox 350 1399 446 1478; x_wconf 75' lang='lat' dir='ltr'><strong>ictor,</strong></span> <span class='ocrx_word' id='word_1_67' title='bbox 468 1417 554 1473; x_wconf 86' lang='lat' dir='ltr'><strong>reus,</strong></span> <span class='ocrx_word' id='word_1_68' title='bbox 573 1397 681 1477; x_wconf 83' lang='lat' dir='ltr'><strong>judex,</strong></span> <span class='ocrx_word' id='word_1_69' title='bbox 706 1415 766 1460; x_wconf 93' lang='lat' dir='ltr'><strong>non</strong></span> <span class='ocrx_word' id='word_1_70' title='bbox 790 1399 890 1461; x_wconf 87' lang='lat' dir='ltr'><strong>deerat</strong></span> <span class='ocrx_word' id='word_1_71' title='bbox 913 1401 1033 1477; x_wconf 88' lang='lat' dir='ltr'><strong>citatio,</strong></span> <span class='ocrx_word' id='word_1_72' title='bbox 1061 1409 1166 1476; x_wconf 88' lang='lat' dir='ltr'><strong>testes,</strong></span> <span class='ocrx_word' id='word_1_73' title='bbox 1190 1402 1298 1480; x_wconf 89' lang='lat' dir='ltr'><strong>proba-</strong></span> 
     </span>
     <span class='ocr_line' id='line_1_10' title="bbox 223 1479 1298 1560; baseline 0.005 -18"><span class='ocrx_word' id='word_1_74' title='bbox 223 1484 337 1554; x_wconf 85' lang='lat' dir='ltr'><strong>tiones,</strong></span> <span class='ocrx_word' id='word_1_75' title='bbox 353 1490 456 1542; x_wconf 80' lang='lat' dir='ltr'><strong>cuncta</strong></span> <span class='ocrx_word' id='word_1_76' title='bbox 475 1480 611 1557; x_wconf 89' lang='lat' dir='ltr'><strong>demum,</strong></span> <span class='ocrx_word' id='word_1_77' title='bbox 634 1500 702 1560; x_wconf 79' lang='lat' dir='ltr'><strong>quas</strong></span> <span class='ocrx_word' id='word_1_78' title='bbox 714 1481 746 1541; x_wconf 93' lang='lat' dir='ltr'><strong>in</strong></span> <span class='ocrx_word' id='word_1_79' title='bbox 768 1479 886 1559; x_wconf 86' lang='lat' dir='ltr'><strong>judiciis</strong></span> <span class='ocrx_word' id='word_1_80' title='bbox 906 1483 1110 1560; x_wconf 87' lang='lat' dir='ltr'><strong>requiruntur.</strong></span> <span class='ocrx_word' id='word_1_81' title='bbox 1134 1483 1230 1546; x_wconf 76' lang='lat' dir='ltr'><strong>ludex</strong></span> <span class='ocrx_word' id='word_1_82' title='bbox 1245 1503 1298 1547; x_wconf 79' lang='lat' dir='ltr'><strong>ex·</strong></span> 
     </span>
     <span class='ocr_line' id='line_1_11' title="bbox 224 1563 1296 1644; baseline 0.003 -20"><span class='ocrx_word' id='word_1_83' title='bbox 224 1563 372 1644; x_wconf 76' lang='lat' dir='ltr'><strong>pendebat</strong></span> <span class='ocrx_word' id='word_1_84' title='bbox 392 1563 498 1624; x_wconf 87' lang='lat' dir='ltr'><strong>actoris</strong></span> <span class='ocrx_word' id='word_1_85' title='bbox 523 1563 694 1641; x_wconf 83' lang='lat' dir='ltr'><strong>petitionem</strong></span> <span class='ocrx_word' id='word_1_86' title='bbox 721 1563 823 1641; x_wconf 86' lang='lat' dir='ltr'><strong>reique</strong></span> <span class='ocrx_word' id='word_1_87' title='bbox 851 1565 1068 1643; x_wconf 82' lang='lat' dir='ltr'><strong>exceptionem,</strong></span> <span class='ocrx_word' id='word_1_88' title='bbox 1094 1582 1128 1624; x_wconf 90' lang='lat' dir='ltr'><strong>ac</strong></span> <span class='ocrx_word' id='word_1_89' title='bbox 1154 1563 1296 1644; x_wconf 83' lang='lat' dir='ltr'><strong>denique,</strong></span> 
     </span>
     <span class='ocr_line' id='line_1_12' title="bbox 226 1645 1297 1727; baseline 0.002 -20"><span class='ocrx_word' id='word_1_90' title='bbox 226 1665 291 1706; x_wconf 88' lang='lat' dir='ltr'><strong>cum</strong></span> <span class='ocrx_word' id='word_1_91' title='bbox 304 1647 455 1726; x_wconf 83' lang='lat' dir='ltr'><strong>explorata</strong></span> <span class='ocrx_word' id='word_1_92' title='bbox 469 1652 554 1705; x_wconf 70' lang='lat' dir='ltr'><strong>mant</strong></span> <span class='ocrx_word' id='word_1_93' title='bbox 571 1645 684 1722; x_wconf 87' lang='lat' dir='ltr'><strong>omnia,</strong></span> <span class='ocrx_word' id='word_1_94' title='bbox 711 1645 885 1706; x_wconf 90' lang='lat' dir='ltr'><strong>sententiam</strong></span> <span class='ocrx_word' id='word_1_95' title='bbox 906 1646 1034 1722; x_wconf 82' lang='lat' dir='ltr'><strong>screbat,</strong></span> <span class='ocrx_word' id='word_1_96' title='bbox 1052 1647 1100 1707; x_wconf 90' lang='lat' dir='ltr'><strong>cui</strong></span> <span class='ocrx_word' id='word_1_97' title='bbox 1117 1647 1231 1722; x_wconf 88' lang='lat' dir='ltr'><strong>clerici,</strong></span> <span class='ocrx_word' id='word_1_98' title='bbox 1245 1650 1297 1727; x_wconf 90' lang='lat' dir='ltr'><strong>qui</strong></span> 
     </span>
     <span class='ocr_line' id='line_1_13' title="bbox 224 1715 1300 1810; baseline 0.002 -22"><span class='ocrx_word' id='word_1_99' title='bbox 224 1729 367 1806; x_wconf 83' lang='lat' dir='ltr'><strong>judicium</strong></span> <span class='ocrx_word' id='word_1_100' title='bbox 385 1726 460 1794; x_wconf 88' lang='lat' dir='ltr'><strong>illud</strong></span> <span class='ocrx_word' id='word_1_101' title='bbox 479 1715 614 1808; x_wconf 68' lang='lat' dir='ltr'><strong>egeiani,</strong></span> <span class='ocrx_word' id='word_1_102' title='bbox 643 1745 748 1806; x_wconf 86' lang='lat' dir='ltr'><strong>parere</strong></span> <span class='ocrx_word' id='word_1_103' title='bbox 771 1726 961 1807; x_wconf 87' lang='lat' dir='ltr'><strong>cogebantur.</strong></span> <span class='ocrx_word' id='word_1_104' title='bbox 990 1727 1070 1805; x_wconf 83' lang='lat' dir='ltr'><strong>Quid</strong></span> <span class='ocrx_word' id='word_1_105' title='bbox 1093 1728 1173 1788; x_wconf 90' lang='lat' dir='ltr'><strong>aliud</strong></span> <span class='ocrx_word' id='word_1_106' title='bbox 1195 1730 1300 1810; x_wconf 88' lang='lat' dir='ltr'><strong>agebat</strong></span> 
     </span>
     <span class='ocr_line' id='line_1_14' title="bbox 225 1807 1298 1888; baseline 0.002 -18"><span class='ocrx_word' id='word_1_107' title='bbox 225 1811 314 1888; x_wconf 81' lang='lat' dir='ltr'><strong>judex</strong></span> <span class='ocrx_word' id='word_1_108' title='bbox 327 1811 418 1870; x_wconf 82' lang='lat' dir='ltr'><strong>laicus</strong></span> <span class='ocrx_word' id='word_1_109' title='bbox 428 1809 460 1869; x_wconf 92' lang='lat' dir='ltr'><strong>iu</strong></span> <span class='ocrx_word' id='word_1_110' title='bbox 471 1809 580 1886; x_wconf 77' lang='lat' dir='ltr'><strong>causis,</strong></span> <span class='ocrx_word' id='word_1_111' title='bbox 592 1827 659 1888; x_wconf 84' lang='lat' dir='ltr'><strong>quse</strong></span> <span class='ocrx_word' id='word_1_112' title='bbox 673 1808 710 1870; x_wconf 90' lang='lat' dir='ltr'><strong>ad</strong></span> <span class='ocrx_word' id='word_1_113' title='bbox 725 1809 788 1887; x_wconf 87' lang='lat' dir='ltr'><strong>ejus</strong></span> <span class='ocrx_word' id='word_1_114' title='bbox 798 1807 928 1870; x_wconf 91' lang='lat' dir='ltr'><strong>tribunal</strong></span> <span class='ocrx_word' id='word_1_115' title='bbox 941 1808 1170 1870; x_wconf 79' lang='lat' dir='ltr'><strong>deferebantur?</strong></span> <span class='ocrx_word' id='word_1_116' title='bbox 1183 1813 1298 1886; x_wconf 78' lang='lat' dir='ltr'><strong>Fateor,</strong></span> 
     </span>
     <span class='ocr_line' id='line_1_15' title="bbox 229 1890 1300 1972; baseline 0 -18"><span class='ocrx_word' id='word_1_117' title='bbox 229 1893 290 1954; x_wconf 78' lang='lat' dir='ltr'><strong>haec</strong></span> <span class='ocrx_word' id='word_1_118' title='bbox 300 1893 429 1972; x_wconf 81' lang='lat' dir='ltr'><strong>judicia,</strong></span> <span class='ocrx_word' id='word_1_119' title='bbox 446 1910 512 1970; x_wconf 79' lang='lat' dir='ltr'><strong>qun</strong></span> <span class='ocrx_word' id='word_1_120' title='bbox 530 1891 568 1960; x_wconf 87' lang='lat' dir='ltr'><strong>ab</strong></span> <span class='ocrx_word' id='word_1_121' title='bbox 583 1891 782 1952; x_wconf 85' lang='lat' dir='ltr'><strong>ecclesiasticis</strong></span> <span class='ocrx_word' id='word_1_122' title='bbox 799 1890 926 1967; x_wconf 86' lang='lat' dir='ltr'><strong>fiebant,</strong></span> <span class='ocrx_word' id='word_1_123' title='bbox 944 1909 1063 1953; x_wconf 82' lang='lat' dir='ltr'><strong>mrsum</strong></span> <span class='ocrx_word' id='word_1_124' title='bbox 1081 1900 1170 1970; x_wconf 86' lang='lat' dir='ltr'><strong>atque</strong></span> <span class='ocrx_word' id='word_1_125' title='bbox 1188 1893 1300 1954; x_wconf 86' lang='lat' dir='ltr'><strong>exitum</strong></span> 
     </span>
     <span class='ocr_line' id='line_1_16' title="bbox 228 1971 1300 2056; baseline 0 -20"><span class='ocrx_word' id='word_1_126' title='bbox 228 1975 362 2036; x_wconf 86' lang='lat' dir='ltr'><strong>habuisse</strong></span> <span class='ocrx_word' id='word_1_127' title='bbox 373 1971 567 2056; x_wconf 69' lang='lat' dir='ltr'><strong>oelemorem‘,</strong></span> <span class='ocrx_word' id='word_1_128' title='bbox 590 1991 678 2052; x_wconf 85' lang='lat' dir='ltr'><strong>quum</strong></span> <span class='ocrx_word' id='word_1_129' title='bbox 691 1991 742 2050; x_wconf 85' lang='lat' dir='ltr'><strong>eu,</strong></span> <span class='ocrx_word' id='word_1_130' title='bbox 757 1991 825 2052; x_wconf 85' lang='lat' dir='ltr'><strong>quae</strong></span> <span class='ocrx_word' id='word_1_131' title='bbox 841 1993 858 2034; x_wconf 89' lang='lat' dir='ltr'><strong>a</strong></span> <span class='ocrx_word' id='word_1_132' title='bbox 872 1971 953 2034; x_wconf 86' lang='lat' dir='ltr'><strong>laicis</strong></span> <span class='ocrx_word' id='word_1_133' title='bbox 964 1973 1193 2049; x_wconf 86' lang='lat' dir='ltr'><strong>exercebantur,</strong></span> <span class='ocrx_word' id='word_1_134' title='bbox 1211 1982 1300 2054; x_wconf 72' lang='lat' dir='ltr'><strong>atque</strong></span> 
     </span>
     <span class='ocr_line' id='line_1_17' title="bbox 228 2055 1299 2137; baseline 0.001 -20"><span class='ocrx_word' id='word_1_135' title='bbox 228 2058 263 2119; x_wconf 92' lang='lat' dir='ltr'><strong>ab</strong></span> <span class='ocrx_word' id='word_1_136' title='bbox 287 2057 344 2117; x_wconf 86' lang='lat' dir='ltr'><strong>illis</strong></span> <span class='ocrx_word' id='word_1_137' title='bbox 364 2057 467 2136; x_wconf 85' lang='lat' dir='ltr'><strong>procul</strong></span> <span class='ocrx_word' id='word_1_138' title='bbox 490 2057 579 2118; x_wconf 86' lang='lat' dir='ltr'><strong>luisse</strong></span> <span class='ocrx_word' id='word_1_139' title='bbox 600 2057 688 2116; x_wconf 86' lang='lat' dir='ltr'><strong>tricas</strong></span> <span class='ocrx_word' id='word_1_140' title='bbox 711 2055 905 2137; x_wconf 74' lang='lat' dir='ltr'><strong>ambagesque</strong></span> <span class='ocrx_word' id='word_1_141' title='bbox 926 2055 1078 2118; x_wconf 77' lang='lat' dir='ltr'><strong>forenses:</strong></span> <span class='ocrx_word' id='word_1_142' title='bbox 1106 2075 1209 2116; x_wconf 87' lang='lat' dir='ltr'><strong>verum</strong></span> <span class='ocrx_word' id='word_1_143' title='bbox 1235 2055 1299 2118; x_wconf 76' lang='lat' dir='ltr'><strong>hmo</strong></span> 
     </span>
     <span class='ocr_line' id='line_1_18' title="bbox 228 2135 1298 2219; baseline 0 -19"><span class='ocrx_word' id='word_1_144' title='bbox 228 2158 283 2200; x_wconf 92' lang='lat' dir='ltr'><strong>non</strong></span> <span class='ocrx_word' id='word_1_145' title='bbox 300 2139 452 2218; x_wconf 85' lang='lat' dir='ltr'><strong>pertinent</strong></span> <span class='ocrx_word' id='word_1_146' title='bbox 473 2138 519 2198; x_wconf 83' lang='lat' dir='ltr'><strong>ad·</strong></span> <span class='ocrx_word' id='word_1_147' title='bbox 530 2135 664 2212; x_wconf 82' lang='lat' dir='ltr'><strong>intimam</strong></span> <span class='ocrx_word' id='word_1_148' title='bbox 686 2137 790 2216; x_wconf 87' lang='lat' dir='ltr'><strong>judicii</strong></span> <span class='ocrx_word' id='word_1_149' title='bbox 803 2145 955 2214; x_wconf 88' lang='lat' dir='ltr'><strong>naturam,</strong></span> <span class='ocrx_word' id='word_1_150' title='bbox 980 2156 1077 2217; x_wconf 84' lang='lat' dir='ltr'><strong>neque</strong></span> <span class='ocrx_word' id='word_1_151' title='bbox 1104 2138 1139 2199; x_wconf 88' lang='lat' dir='ltr'><strong>iia</strong></span> <span class='ocrx_word' id='word_1_152' title='bbox 1157 2139 1298 2219; x_wconf 74' lang='lat' dir='ltr'><strong>neglectis</strong></span> 
     </span>
     <span class='ocr_line' id='line_1_19' title="bbox 228 2219 1299 2300; baseline 0.001 -18"><span class='ocrx_word' id='word_1_153' title='bbox 228 2222 324 2282; x_wconf 91' lang='lat' dir='ltr'><strong>minus</strong></span> <span class='ocrx_word' id='word_1_154' title='bbox 351 2231 457 2281; x_wconf 83' lang='lat' dir='ltr'><strong>verum</strong></span> <span class='ocrx_word' id='word_1_155' title='bbox 486 2220 643 2298; x_wconf 84' lang='lat' dir='ltr'><strong>minusque</strong></span> <span class='ocrx_word' id='word_1_156' title='bbox 657 2221 828 2300; x_wconf 59' lang='lat' dir='ltr'><strong>‚perlectum</strong></span> <span class='ocrx_word' id='word_1_157' title='bbox 847 2219 992 2299; x_wconf 87' lang='lat' dir='ltr'><strong>judicium</strong></span> <span class='ocrx_word' id='word_1_158' title='bbox 1014 2220 1107 2282; x_wconf 83' lang='lat' dir='ltr'><strong>videri</strong></span> <span class='ocrx_word' id='word_1_159' title='bbox 1132 2228 1237 2300; x_wconf 81' lang='lat' dir='ltr'><strong>potest.</strong></span> <span class='ocrx_word' id='word_1_160' title='bbox 1265 2225 1299 2283; x_wconf 93' lang='lat' dir='ltr'><strong>ln</strong></span> 
     </span>
     <span class='ocr_line' id='line_1_20' title="bbox 227 2301 1300 2383; baseline 0 -19"><span class='ocrx_word' id='word_1_161' title='bbox 227 2321 339 2364; x_wconf 86' lang='lat' dir='ltr'><strong>summa</strong></span> <span class='ocrx_word' id='word_1_162' title='bbox 349 2302 462 2382; x_wconf 85' lang='lat' dir='ltr'><strong>judicia</strong></span> <span class='ocrx_word' id='word_1_163' title='bbox 475 2301 664 2363; x_wconf 79' lang='lat' dir='ltr'><strong>ecclesiastica</strong></span> <span class='ocrx_word' id='word_1_164' title='bbox 679 2319 747 2362; x_wconf 79' lang='lat' dir='ltr'><strong>vera</strong></span> <span class='ocrx_word' id='word_1_165' title='bbox 759 2309 843 2362; x_wconf 77' lang='lat' dir='ltr'><strong>munt</strong></span> <span class='ocrx_word' id='word_1_166' title='bbox 853 2301 980 2380; x_wconf 84' lang='lat' dir='ltr'><strong>judicio,</strong></span> <span class='ocrx_word' id='word_1_167' title='bbox 994 2322 1061 2381; x_wconf 77' lang='lat' dir='ltr'><strong>qum</strong></span> <span class='ocrx_word' id='word_1_168' title='bbox 1071 2321 1108 2363; x_wconf 80' lang='lat' dir='ltr'><strong>ex</strong></span> <span class='ocrx_word' id='word_1_169' title='bbox 1120 2301 1300 2383; x_wconf 86' lang='lat' dir='ltr'><strong>litigantium</strong></span> 
     </span>
     <span class='ocr_line' id='line_1_21' title="bbox 225 2383 1299 2464; baseline -0.002 -18"><span class='ocrx_word' id='word_1_170' title='bbox 225 2387 412 2446; x_wconf 79' lang='lat' dir='ltr'><strong>contentione</strong></span> <span class='ocrx_word' id='word_1_171' title='bbox 436 2393 466 2444; x_wconf 89' lang='lat' dir='ltr'><strong>ct</strong></span> <span class='ocrx_word' id='word_1_172' title='bbox 488 2383 597 2464; x_wconf 86' lang='lat' dir='ltr'><strong>judicis</strong></span> <span class='ocrx_word' id='word_1_173' title='bbox 620 2391 762 2462; x_wconf 78' lang='lat' dir='ltr'><strong>potestate</strong></span> <span class='ocrx_word' id='word_1_174' title='bbox 789 2384 972 2463; x_wconf 88' lang='lat' dir='ltr'><strong>imperioque</strong></span> <span class='ocrx_word' id='word_1_175' title='bbox 1002 2384 1128 2446; x_wconf 83' lang='lat' dir='ltr'><strong>fiebant.</strong></span> <span class='ocrx_word' id='word_1_176' title='bbox 1155 2403 1189 2444; x_wconf 88' lang='lat' dir='ltr'><strong>ac</strong></span> <span class='ocrx_word' id='word_1_177' title='bbox 1207 2384 1299 2463; x_wconf 80' lang='lat' dir='ltr'><strong>judex</strong></span> 
     </span>
     <span class='ocr_line' id='line_1_22' title="bbox 226 2462 1296 2546; baseline -0.001 -18"><span class='ocrx_word' id='word_1_178' title='bbox 226 2467 326 2530; x_wconf 89' lang='lat' dir='ltr'><strong>andito</strong></span> <span class='ocrx_word' id='word_1_179' title='bbox 343 2474 442 2528; x_wconf 86' lang='lat' dir='ltr'><strong>actore</strong></span> <span class='ocrx_word' id='word_1_180' title='bbox 463 2475 493 2526; x_wconf 89' lang='lat' dir='ltr'><strong>et</strong></span> <span class='ocrx_word' id='word_1_181' title='bbox 513 2483 580 2543; x_wconf 89' lang='lat' dir='ltr'><strong>reo,</strong></span> <span class='ocrx_word' id='word_1_182' title='bbox 607 2466 799 2546; x_wconf 83' lang='lat' dir='ltr'><strong>expensisque</strong></span> <span class='ocrx_word' id='word_1_183' title='bbox 822 2464 1057 2544; x_wconf 85' lang='lat' dir='ltr'><strong>probationibus,</strong></span> <span class='ocrx_word' id='word_1_184' title='bbox 1085 2462 1296 2527; x_wconf 77' lang='lat' dir='ltr'><strong>absolutorium</strong></span> 
     </span>
     <span class='ocr_line' id='line_1_23' title="bbox 227 2547 1297 2629; baseline 0 -21"><span class='ocrx_word' id='word_1_185' title='bbox 227 2550 271 2611; x_wconf 79' lang='lat' dir='ltr'><strong>rel</strong></span> <span class='ocrx_word' id='word_1_186' title='bbox 295 2547 571 2612; x_wconf 73' lang='lat' dir='ltr'><strong>emdmmmriom</strong></span> <span class='ocrx_word' id='word_1_187' title='bbox 595 2549 771 2609; x_wconf 88' lang='lat' dir='ltr'><strong>sententiam</strong></span> <span class='ocrx_word' id='word_1_188' title='bbox 795 2547 977 2628; x_wconf 78' lang='lat' dir='ltr'><strong>proterebat,</strong></span> <span class='ocrx_word' id='word_1_189' title='bbox 1002 2550 1050 2609; x_wconf 89' lang='lat' dir='ltr'><strong>cui</strong></span> <span class='ocrx_word' id='word_1_190' title='bbox 1074 2548 1222 2629; x_wconf 70' lang='lat' dir='ltr'><strong>litigantes</strong></span> <span class='ocrx_word' id='word_1_191' title='bbox 1245 2566 1297 2627; x_wconf 87' lang='lat' dir='ltr'><strong>pa·</strong></span> 
     </span>
     <span class='ocr_line' id='line_1_24' title="bbox 226 2628 1298 2796; baseline -0.006 -20"><span class='ocrx_word' id='word_1_192' title='bbox 226 2631 608 2796; x_wconf 51' lang='lat' dir='ltr'><strong>{tuillium</strong></span> <span class='ocrx_word' id='word_1_193' title='bbox 622 2649 689 2794; x_wconf 68' lang='lat'><strong>¹3²2?</strong></span> <span class='ocrx_word' id='word_1_194' title='bbox 704 2629 776 2794; x_wconf 57' lang='lat' dir='ltr'><strong>iiii</strong></span> <span class='ocrx_word' id='word_1_195' title='bbox 791 2629 932 2774; x_wconf 54' lang='lat' dir='ltr'><strong>iiiiii</strong></span> <span class='ocrx_word' id='word_1_196' title='bbox 946 2628 1298 2790; x_wconf 57' lang='lat' dir='ltr'><strong>&#39;iahi&#39;ybiiilii</strong></span> 
     </span>
    </p>

    <p class='ocr_par' dir='ltr' id='par_1_3' title="bbox 227 2731 1305 4353">
     <span class='ocr_line' id='line_1_25' title="bbox 267 2755 1188 2788; baseline -0.005 5"><span class='ocrx_word' id='word_1_197' title='bbox 267 2758 276 2776; x_wconf 87' lang='lat'><strong>·</strong></span> <span class='ocrx_word' id='word_1_198' title='bbox 399 2757 407 2773; x_wconf 93' lang='grc'><em>·</em></span> <span class='ocrx_word' id='word_1_199' title='bbox 559 2756 566 2773; x_wconf 92' lang='grc'><em>·</em></span> <span class='ocrx_word' id='word_1_200' title='bbox 689 2756 696 2772; x_wconf 88' lang='grc'><em>·</em></span> <span class='ocrx_word' id='word_1_201' title='bbox 780 2755 787 2770; x_wconf 93' lang='grc'><em>·</em></span> <span class='ocrx_word' id='word_1_202' title='bbox 934 2755 941 2771; x_wconf 90' lang='grc'><em>·</em></span> <span class='ocrx_word' id='word_1_203' title='bbox 1060 2756 1068 2772; x_wconf 85' lang='grc'><em>·</em></span> <span class='ocrx_word' id='word_1_204' title='bbox 1178 2756 1188 2788; x_wconf 72' lang='lat' dir='ltr'><strong>r</strong></span> 
     </span>
     <span class='ocr_line' id='line_1_26' title="bbox 227 2731 1299 2877; baseline -0.004 -20"><span class='ocrx_word' id='word_1_205' title='bbox 227 2800 396 2877; x_wconf 88' lang='lat' dir='ltr'><strong>episcopum</strong></span> <span class='ocrx_word' id='word_1_206' title='bbox 423 2801 547 2856; x_wconf 88' lang='lat' dir='ltr'><strong>tractare</strong></span> <span class='ocrx_word' id='word_1_207' title='bbox 584 2794 615 2855; x_wconf 92' lang='lat' dir='ltr'><strong>in</strong></span> <span class='ocrx_word' id='word_1_208' title='bbox 636 2731 755 2874; x_wconf 68' lang='lat' dir='ltr'><strong>phdiciis</strong></span> <span class='ocrx_word' id='word_1_209' title='bbox 780 2795 932 2871; x_wconf 83' lang='lat' dir='ltr'><strong>convenit,</strong></span> <span class='ocrx_word' id='word_1_210' title='bbox 957 2794 1074 2857; x_wconf 88' lang='lat' dir='ltr'><strong>inlinitu</strong></span> <span class='ocrx_word' id='word_1_211' title='bbox 1113 2803 1193 2855; x_wconf 82' lang='lat' dir='ltr'><strong>certe</strong></span> <span class='ocrx_word' id='word_1_212' title='bbox 1216 2793 1299 2868; x_wconf 91' lang='lat' dir='ltr'><strong>odia,</strong></span> 
     </span>
     <span class='ocr_line' id='line_1_27' title="bbox 227 2876 1297 2955; baseline -0.005 -14"><span class='ocrx_word' id='word_1_213' title='bbox 227 2880 357 2941; x_wconf 87' lang='lat' dir='ltr'><strong>infinitas</strong></span> <span class='ocrx_word' id='word_1_214' title='bbox 371 2877 546 2939; x_wconf 78' lang='lat' dir='ltr'><strong>offensiones</strong></span> <span class='ocrx_word' id='word_1_215' title='bbox 567 2876 654 2955; x_wconf 86' lang='lat' dir='ltr'><strong>parit.</strong></span> <span class='ocrx_word' id='word_1_216' title='bbox 672 2902 685 2930; x_wconf 76' lang='lat' dir='ltr'><strong>a</strong></span> <span class='ocrx_word' id='word_1_217' title='bbox 707 2880 774 2938; x_wconf 76' lang='lat' dir='ltr'><strong>ileo</strong></span> <span class='ocrx_word' id='word_1_218' title='bbox 794 2884 873 2938; x_wconf 84' lang='lat' dir='ltr'><strong>certe</strong></span> <span class='ocrx_word' id='word_1_219' title='bbox 893 2878 924 2937; x_wconf 95' lang='lat' dir='ltr'><strong>in</strong></span> <span class='ocrx_word' id='word_1_220' title='bbox 939 2876 1068 2954; x_wconf 85' lang='lat' dir='ltr'><strong>judicem</strong></span> <span class='ocrx_word' id='word_1_221' title='bbox 1083 2876 1144 2937; x_wconf 90' lang='lat' dir='ltr'><strong>odii</strong></span> <span class='ocrx_word' id='word_1_222' title='bbox 1158 2884 1188 2937; x_wconf 90' lang='lat' dir='ltr'><strong>et</strong></span> <span class='ocrx_word' id='word_1_223' title='bbox 1204 2876 1297 2936; x_wconf 83' lang='lat' dir='ltr'><strong>olisn-</strong></span> 
     </span>
     <span class='ocr_line' id='line_1_28' title="bbox 227 2958 1300 3040; baseline -0.005 -18"><span class='ocrx_word' id='word_1_224' title='bbox 227 2962 318 3023; x_wconf 90' lang='lat' dir='ltr'><strong>sionis</strong></span> <span class='ocrx_word' id='word_1_225' title='bbox 337 2978 424 3021; x_wconf 88' lang='lat' dir='ltr'><strong>causa</strong></span> <span class='ocrx_word' id='word_1_226' title='bbox 442 2977 531 3039; x_wconf 88' lang='lat' dir='ltr'><strong>quem</strong></span> <span class='ocrx_word' id='word_1_227' title='bbox 543 2960 634 3020; x_wconf 85' lang='lat' dir='ltr'><strong>ulium</strong></span> <span class='ocrx_word' id='word_1_228' title='bbox 648 2959 792 3040; x_wconf 86' lang='lat' dir='ltr'><strong>attingere</strong></span> <span class='ocrx_word' id='word_1_229' title='bbox 805 2966 917 3038; x_wconf 89' lang='lat' dir='ltr'><strong>potest,</strong></span> <span class='ocrx_word' id='word_1_230' title='bbox 932 2968 1040 3037; x_wconf 75' lang='lat' dir='ltr'><strong>preter</strong></span> <span class='ocrx_word' id='word_1_231' title='bbox 1052 2960 1233 3039; x_wconf 82' lang='lat' dir='ltr'><strong>litigantem,</strong></span> <span class='ocrx_word' id='word_1_232' title='bbox 1249 2958 1300 3036; x_wconf 86' lang='lat' dir='ltr'><strong>qui</strong></span> 
     </span>
     <span class='ocr_line' id='line_1_29' title="bbox 229 3040 1299 3121; baseline -0.007 -16"><span class='ocrx_word' id='word_1_233' title='bbox 229 3044 439 3107; x_wconf 86' lang='lat' dir='ltr'><strong>condemnatus</strong></span> <span class='ocrx_word' id='word_1_234' title='bbox 454 3050 513 3118; x_wconf 72' lang='lat' dir='ltr'><strong>est,</strong></span> <span class='ocrx_word' id='word_1_235' title='bbox 527 3060 560 3101; x_wconf 87' lang='lat' dir='ltr'><strong>ac</strong></span> <span class='ocrx_word' id='word_1_236' title='bbox 573 3040 725 3103; x_wconf 82' lang='lat' dir='ltr'><strong>sententias</strong></span> <span class='ocrx_word' id='word_1_237' title='bbox 739 3058 842 3121; x_wconf 88' lang='lat' dir='ltr'><strong>parere</strong></span> <span class='ocrx_word' id='word_1_238' title='bbox 853 3041 962 3102; x_wconf 80' lang='lat' dir='ltr'><strong>invitus</strong></span> <span class='ocrx_word' id='word_1_239' title='bbox 975 3042 1111 3121; x_wconf 85' lang='lat' dir='ltr'><strong>cogitur?</strong></span> <span class='ocrx_word' id='word_1_240' title='bbox 1125 3041 1226 3103; x_wconf 87' lang='lat' dir='ltr'><strong>Simile</strong></span> <span class='ocrx_word' id='word_1_241' title='bbox 1240 3047 1299 3105; x_wconf 77' lang='lat' dir='ltr'><strong>est,</strong></span> 
     </span>
     <span class='ocr_line' id='line_1_30' title="bbox 228 3121 1301 3205; baseline -0.005 -19"><span class='ocrx_word' id='word_1_242' title='bbox 228 3124 416 3205; x_wconf 83' lang='lat' dir='ltr'><strong>quodbabet</strong></span> <span class='ocrx_word' id='word_1_243' title='bbox 437 3125 540 3185; x_wconf 90' lang='lat' dir='ltr'><strong>concil.</strong></span> <span class='ocrx_word' id='word_1_244' title='bbox 561 3126 777 3185; x_wconf 86' lang='lat' dir='ltr'><strong>Tarraconense</strong></span> <span class='ocrx_word' id='word_1_245' title='bbox 796 3126 809 3184; x_wconf 94' lang='lat' dir='ltr'><strong>l</strong></span> <span class='ocrx_word' id='word_1_246' title='bbox 827 3142 894 3183; x_wconf 83' lang='lat' dir='ltr'><strong>cun.</strong></span> <span class='ocrx_word' id='word_1_247' title='bbox 915 3126 952 3197; x_wconf 79' lang='lat' dir='ltr'><strong>t,</strong></span> <span class='ocrx_word' id='word_1_248' title='bbox 974 3122 1053 3201; x_wconf 91' lang='lat' dir='ltr'><strong>apud</strong></span> <span class='ocrx_word' id='word_1_249' title='bbox 1072 3121 1162 3183; x_wconf 79' lang='lat' dir='ltr'><strong>hubb.</strong></span> <span class='ocrx_word' id='word_1_250' title='bbox 1190 3129 1261 3181; x_wconf 79' lang='lat' dir='ltr'><strong>mm.</strong></span> <span class='ocrx_word' id='word_1_251' title='bbox 1282 3122 1301 3181; x_wconf 77' lang='lat' dir='ltr'><strong>b</strong></span> 
     </span>
     <span class='ocr_line' id='line_1_31' title="bbox 227 3204 1301 3283; baseline -0.008 -13"><span class='ocrx_word' id='word_1_252' title='bbox 227 3206 283 3270; x_wconf 89' lang='lat' dir='ltr'><strong>col.</strong></span> <span class='ocrx_word' id='word_1_253' title='bbox 300 3210 360 3269; x_wconf 79' lang='grc'><strong>698</strong></span> <span class='ocrx_word' id='word_1_254' title='bbox 372 3204 418 3269; x_wconf 84' lang='lat' dir='ltr'><strong>cd.</strong></span> <span class='ocrx_word' id='word_1_255' title='bbox 436 3208 554 3275; x_wconf 64' lang='lat' dir='ltr'><strong>Vener„</strong></span> <span class='ocrx_word' id='word_1_256' title='bbox 570 3222 628 3283; x_wconf 90' lang='lat' dir='ltr'><strong>quo</strong></span> <span class='ocrx_word' id='word_1_257' title='bbox 642 3206 785 3265; x_wconf 86' lang='lat' dir='ltr'><strong>sancitum</strong></span> <span class='ocrx_word' id='word_1_258' title='bbox 800 3212 863 3265; x_wconf 86' lang='lat' dir='ltr'><strong>est:</strong></span> <span class='ocrx_word' id='word_1_259' title='bbox 887 3229 901 3257; x_wconf 80' lang='lat' dir='ltr'><strong>u</strong></span> <span class='ocrx_word' id='word_1_260' title='bbox 918 3208 957 3266; x_wconf 87' lang='lat' dir='ltr'><strong>lit</strong></span> <span class='ocrx_word' id='word_1_261' title='bbox 971 3204 1070 3264; x_wconf 80' lang='lat' dir='ltr'><strong>nudus</strong></span> <span class='ocrx_word' id='word_1_262' title='bbox 1083 3204 1301 3283; x_wconf 89' lang='lat' dir='ltr'><strong>episcopcrum,</strong></span> 
     </span>
     <span class='ocr_line' id='line_1_32' title="bbox 228 3285 1301 3369; baseline -0.007 -18"><span class='ocrx_word' id='word_1_263' title='bbox 228 3299 278 3351; x_wconf 85' lang='lat' dir='ltr'><strong>aut</strong></span> <span class='ocrx_word' id='word_1_264' title='bbox 294 3289 535 3369; x_wconf 83' lang='lat' dir='ltr'><strong>presbyterorum</strong></span> <span class='ocrx_word' id='word_1_265' title='bbox 551 3288 598 3348; x_wconf 85' lang='lat' dir='ltr'><strong>vel</strong></span> <span class='ocrx_word' id='word_1_266' title='bbox 612 3288 801 3362; x_wconf 84' lang='lat' dir='ltr'><strong>clericorum,</strong></span> <span class='ocrx_word' id='word_1_267' title='bbox 820 3286 869 3348; x_wconf 90' lang='lat' dir='ltr'><strong>die</strong></span> <span class='ocrx_word' id='word_1_268' title='bbox 887 3285 1036 3347; x_wconf 90' lang='lat' dir='ltr'><strong>dominico</strong></span> <span class='ocrx_word' id='word_1_269' title='bbox 1052 3285 1235 3364; x_wconf 91' lang='lat' dir='ltr'><strong>propositum</strong></span> <span class='ocrx_word' id='word_1_270' title='bbox 1249 3302 1301 3344; x_wconf 87' lang='lat' dir='ltr'><strong>eu-</strong></span> 
     </span>
     <span class='ocr_line' id='line_1_33' title="bbox 227 3368 1302 3453; baseline -0.007 -20"><span class='ocrx_word' id='word_1_271' title='bbox 227 3375 402 3453; x_wconf 85' lang='lat' dir='ltr'><strong>juseumque</strong></span> <span class='ocrx_word' id='word_1_272' title='bbox 417 3390 511 3430; x_wconf 83' lang='lat' dir='ltr'><strong>causae</strong></span> <span class='ocrx_word' id='word_1_273' title='bbox 528 3370 678 3449; x_wconf 87' lang='lat' dir='ltr'><strong>negotium</strong></span> <span class='ocrx_word' id='word_1_274' title='bbox 692 3368 799 3429; x_wconf 86' lang='lat' dir='ltr'><strong>audeat</strong></span> <span class='ocrx_word' id='word_1_275' title='bbox 808 3368 953 3449; x_wconf 82' lang='lat' dir='ltr'><strong>judicare.</strong></span> <span class='ocrx_word' id='word_1_276' title='bbox 968 3392 982 3421; x_wconf 71' lang='lat' dir='ltr'><strong>n</strong></span> <span class='ocrx_word' id='word_1_277' title='bbox 1007 3371 1084 3448; x_wconf 84' lang='lat' dir='ltr'><strong>lirgo</strong></span> <span class='ocrx_word' id='word_1_278' title='bbox 1101 3368 1199 3428; x_wconf 89' lang='lat' dir='ltr'><strong>clerici</strong></span> <span class='ocrx_word' id='word_1_279' title='bbox 1216 3384 1302 3427; x_wconf 84' lang='lat' dir='ltr'><strong>exer·</strong></span> 
     </span>
     <span class='ocr_line' id='line_1_34' title="bbox 229 3447 1301 3532; baseline -0.008 -14"><span class='ocrx_word' id='word_1_280' title='bbox 229 3463 298 3518; x_wconf 86' lang='lat' dir='ltr'><strong>cent</strong></span> <span class='ocrx_word' id='word_1_281' title='bbox 310 3463 391 3516; x_wconf 86' lang='lat' dir='ltr'><strong>actus</strong></span> <span class='ocrx_word' id='word_1_282' title='bbox 408 3470 478 3513; x_wconf 89' lang='lat' dir='ltr'><strong>vere</strong></span> <span class='ocrx_word' id='word_1_283' title='bbox 499 3452 668 3532; x_wconf 83' lang='lat' dir='ltr'><strong>judiciarios</strong></span> <span class='ocrx_word' id='word_1_284' title='bbox 682 3459 712 3511; x_wconf 87' lang='lat' dir='ltr'><strong>ct</strong></span> <span class='ocrx_word' id='word_1_285' title='bbox 726 3452 914 3513; x_wconf 75' lang='lat' dir='ltr'><strong>contentiosas</strong></span> <span class='ocrx_word' id='word_1_286' title='bbox 929 3449 1157 3529; x_wconf 87' lang='lat' dir='ltr'><strong>jurisdictionis,</strong></span> <span class='ocrx_word' id='word_1_287' title='bbox 1178 3450 1229 3529; x_wconf 92' lang='lat' dir='ltr'><strong>qui</strong></span> <span class='ocrx_word' id='word_1_288' title='bbox 1254 3447 1301 3509; x_wconf 85' lang='lat' dir='ltr'><strong>die</strong></span> 
     </span>
     <span class='ocr_line' id='line_1_35' title="bbox 230 3529 1302 3612; baseline -0.007 -13"><span class='ocrx_word' id='word_1_289' title='bbox 230 3534 377 3599; x_wconf 76' lang='lat' dir='ltr'><strong>domioa’eo</strong></span> <span class='ocrx_word' id='word_1_290' title='bbox 397 3533 462 3594; x_wconf 87' lang='lat' dir='ltr'><strong>lieri</strong></span> <span class='ocrx_word' id='word_1_291' title='bbox 487 3552 547 3595; x_wconf 91' lang='lat' dir='ltr'><strong>non</strong></span> <span class='ocrx_word' id='word_1_292' title='bbox 571 3540 703 3612; x_wconf 88' lang='lat' dir='ltr'><strong>possunt.</strong></span> <span class='ocrx_word' id='word_1_293' title='bbox 729 3536 840 3593; x_wconf 89' lang='lat' dir='ltr'><strong>Verum</strong></span> <span class='ocrx_word' id='word_1_294' title='bbox 866 3534 954 3594; x_wconf 88' lang='lat' dir='ltr'><strong>etiam</strong></span> <span class='ocrx_word' id='word_1_295' title='bbox 980 3533 1200 3612; x_wconf 82' lang='lat' dir='ltr'><strong>perlectumque</strong></span> <span class='ocrx_word' id='word_1_296' title='bbox 1219 3529 1302 3612; x_wconf 84' lang='lat' dir='ltr'><strong>judi·</strong></span> 
     </span>
     <span class='ocr_line' id='line_1_36' title="bbox 229 3611 1302 3696; baseline -0.007 -15"><span class='ocrx_word' id='word_1_297' title='bbox 229 3623 308 3681; x_wconf 87' lang='lat' dir='ltr'><strong>cium</strong></span> <span class='ocrx_word' id='word_1_298' title='bbox 331 3617 556 3680; x_wconf 81' lang='lat' dir='ltr'><strong>ecdesiasticum</strong></span> <span class='ocrx_word' id='word_1_299' title='bbox 577 3621 720 3675; x_wconf 84' lang='lat' dir='ltr'><strong>memorat</strong></span> <span class='ocrx_word' id='word_1_300' title='bbox 738 3614 876 3677; x_wconf 89' lang='lat' dir='ltr'><strong>Sidonius</strong></span> <span class='ocrx_word' id='word_1_301' title='bbox 895 3614 1071 3694; x_wconf 79' lang='lat' dir='ltr'><strong>Apollinaris</strong></span> <span class='ocrx_word' id='word_1_302' title='bbox 1086 3611 1137 3674; x_wconf 81' lang='lat' dir='ltr'><strong>tio.</strong></span> <span class='ocrx_word' id='word_1_303' title='bbox 1157 3617 1177 3676; x_wconf 79' lang='lat'><strong>2</strong></span> <span class='ocrx_word' id='word_1_304' title='bbox 1196 3630 1242 3696; x_wconf 84' lang='lat' dir='ltr'><strong>ep.</strong></span> <span class='ocrx_word' id='word_1_305' title='bbox 1262 3614 1302 3674; x_wconf 77' lang='grc'><strong>12</strong></span> 
     </span>
     <span class='ocr_line' id='line_1_37' title="bbox 231 3692 1299 3779; baseline -0.008 -15"><span class='ocrx_word' id='word_1_306' title='bbox 231 3699 285 3765; x_wconf 83' lang='lat' dir='ltr'><strong>coi.</strong></span> <span class='ocrx_word' id='word_1_307' title='bbox 302 3703 378 3778; x_wconf 75' lang='lat'><strong>522,</strong></span> <span class='ocrx_word' id='word_1_308' title='bbox 397 3707 426 3760; x_wconf 86' lang='lat' dir='ltr'><strong>et</strong></span> <span class='ocrx_word' id='word_1_309' title='bbox 443 3696 495 3760; x_wconf 86' lang='lat' dir='ltr'><strong>lib.</strong></span> <span class='ocrx_word' id='word_1_310' title='bbox 514 3700 533 3759; x_wconf 79' lang='grc'><strong>6</strong></span> <span class='ocrx_word' id='word_1_311' title='bbox 552 3716 598 3779; x_wconf 85' lang='lat' dir='ltr'><strong>ep.</strong></span> <span class='ocrx_word' id='word_1_312' title='bbox 624 3699 690 3758; x_wconf 73' lang='lat' dir='ltr'><strong>iet</strong></span> <span class='ocrx_word' id='word_1_313' title='bbox 709 3694 791 3757; x_wconf 81' lang='lat' dir='ltr'><strong>led.</strong></span> <span class='ocrx_word' id='word_1_314' title='bbox 817 3694 972 3758; x_wconf 79' lang='lat' dir='ltr'><strong>Simondi</strong></span> <span class='ocrx_word' id='word_1_315' title='bbox 992 3696 1049 3757; x_wconf 80' lang='lat' dir='ltr'><strong>int.</strong></span> <span class='ocrx_word' id='word_1_316' title='bbox 1070 3694 1136 3777; x_wconf 82' lang='lat' dir='ltr'><strong>ejus</strong></span> <span class='ocrx_word' id='word_1_317' title='bbox 1161 3713 1230 3777; x_wconf 88' lang='lat' dir='ltr'><strong>opp.</strong></span> <span class='ocrx_word' id='word_1_318' title='bbox 1253 3692 1299 3755; x_wconf 83' lang='lat' dir='ltr'><strong>ed.</strong></span> 
     </span>
     <span class='ocr_line' id='line_1_38' title="bbox 235 3778 1302 3860; baseline -0.008 -15"><span class='ocrx_word' id='word_1_319' title='bbox 235 3786 336 3846; x_wconf 86' lang='lat' dir='ltr'><strong>Venet.</strong></span> <span class='ocrx_word' id='word_1_320' title='bbox 353 3783 434 3843; x_wconf 68' lang='lat'><strong>1728</strong></span> <span class='ocrx_word' id='word_1_321' title='bbox 455 3778 511 3841; x_wconf 82' lang='lat' dir='ltr'><strong>col.</strong></span> <span class='ocrx_word' id='word_1_322' title='bbox 536 3782 594 3840; x_wconf 75' lang='lat'><strong>575</strong></span> <span class='ocrx_word' id='word_1_323' title='bbox 609 3788 639 3841; x_wconf 88' lang='lat' dir='ltr'><strong>ct</strong></span> <span class='ocrx_word' id='word_1_324' title='bbox 653 3780 728 3855; x_wconf 75' lang='lat' dir='ltr'><strong>uta,</strong></span> <span class='ocrx_word' id='word_1_325' title='bbox 752 3780 891 3857; x_wconf 82' lang='lat' dir='ltr'><strong>synesius</strong></span> <span class='ocrx_word' id='word_1_326' title='bbox 906 3786 1003 3838; x_wconf 83' lang='lat' dir='ltr'><strong>autem</strong></span> <span class='ocrx_word' id='word_1_327' title='bbox 1058 3780 1141 3839; x_wconf 82' lang='lat' dir='ltr'><strong>.th</strong></span> <span class='ocrx_word' id='word_1_328' title='bbox 1151 3796 1224 3860; x_wconf 76' lang='lat' dir='ltr'><strong>pop.</strong></span> <span class='ocrx_word' id='word_1_329' title='bbox 1241 3778 1302 3837; x_wconf 74' lang='lat' dir='ltr'><strong>ata</strong></span> 
     </span>
     <span class='ocr_line' id='line_1_39' title="bbox 233 3858 1304 3954; baseline -0.008 -27"><span class='ocrx_word' id='word_1_330' title='bbox 233 3866 278 3927; x_wconf 81' lang='lat' dir='ltr'><strong>eri.</strong></span> <span class='ocrx_word' id='word_1_331' title='bbox 295 3863 422 3927; x_wconf 81' lang='lat' dir='ltr'><strong>Patavii</strong></span> <span class='ocrx_word' id='word_1_332' title='bbox 443 3864 539 3939; x_wconf 79' lang='grc'>1655,</span> <span class='ocrx_word' id='word_1_333' title='bbox 556 3862 722 3941; x_wconf 89' lang='lat' dir='ltr'><strong>episcopum</strong></span> <span class='ocrx_word' id='word_1_334' title='bbox 735 3861 798 3920; x_wconf 87' lang='lat' dir='ltr'><strong>vult</strong></span> <span class='ocrx_word' id='word_1_335' title='bbox 818 3878 880 3922; x_wconf 89' lang='lat' dir='ltr'><strong>csse</strong></span> <span class='ocrx_word' id='word_1_336' title='bbox 899 3858 997 3943; x_wconf 78' lang='lat' dir='ltr'><strong>legum</strong></span> <span class='ocrx_word' id='word_1_337' title='bbox 1112 3878 1172 3935; x_wconf 80' lang='lat' dir='ltr'><strong>em,</strong></span> <span class='ocrx_word' id='word_1_338' title='bbox 1188 3866 1223 3919; x_wconf 90' lang='lat' dir='ltr'><strong>ut</strong></span> <span class='ocrx_word' id='word_1_339' title='bbox 1236 3876 1304 3954; x_wconf 75' lang='lat' dir='ltr'><strong>pum</strong></span> 
     </span>
     <span class='ocr_line' id='line_1_40' title="bbox 234 3940 1303 4030; baseline -0.01 -18"><span class='ocrx_word' id='word_1_340' title='bbox 234 3944 345 4030; x_wconf 74' lang='lat' dir='ltr'><strong>legibus</strong></span> <span class='ocrx_word' id='word_1_341' title='bbox 360 3954 560 4009; x_wconf 78' lang='lat' dir='ltr'><strong>consentaneo</strong></span> <span class='ocrx_word' id='word_1_342' title='bbox 579 3952 667 4019; x_wconf 83' lang='lat' dir='ltr'><strong>sont,</strong></span> <span class='ocrx_word' id='word_1_343' title='bbox 682 3940 834 4027; x_wconf 80' lang='lat' dir='ltr'><strong>loquutur.</strong></span> <span class='ocrx_word' id='word_1_344' title='bbox 855 3943 914 4006; x_wconf 87' lang='lat' dir='ltr'><strong>Sed</strong></span> <span class='ocrx_word' id='word_1_345' title='bbox 930 3942 1074 4002; x_wconf 82' lang='lat' dir='ltr'><strong>videndus</strong></span> <span class='ocrx_word' id='word_1_346' title='bbox 1091 3949 1135 4000; x_wconf 88' lang='lat' dir='ltr'><strong>est</strong></span> <span class='ocrx_word' id='word_1_347' title='bbox 1153 3941 1303 4019; x_wconf 79' lang='lat' dir='ltr'><strong>inprimis</strong></span> 
     </span>
     <span class='ocr_line' id='line_1_41' title="bbox 234 4022 1305 4109; baseline -0.011 -17"><span class='ocrx_word' id='word_1_348' title='bbox 234 4030 417 4106; x_wconf 78' lang='lat' dir='ltr'><strong>Ambrosius,</strong></span> <span class='ocrx_word' id='word_1_349' title='bbox 430 4030 481 4107; x_wconf 90' lang='lat' dir='ltr'><strong>qui</strong></span> <span class='ocrx_word' id='word_1_350' title='bbox 496 4027 624 4109; x_wconf 85' lang='lat' dir='ltr'><strong>graviter</strong></span> <span class='ocrx_word' id='word_1_351' title='bbox 644 4024 835 4103; x_wconf 88' lang='lat' dir='ltr'><strong>reprehendit</strong></span> <span class='ocrx_word' id='word_1_352' title='bbox 848 4026 1003 4106; x_wconf 85' lang='lat' dir='ltr'><strong>Syagrium</strong></span> <span class='ocrx_word' id='word_1_353' title='bbox 1017 4027 1215 4084; x_wconf 84' lang='lat' dir='ltr'><strong>veronensem</strong></span> <span class='ocrx_word' id='word_1_354' title='bbox 1231 4022 1305 4100; x_wconf 89' lang='lat' dir='ltr'><strong>epis·</strong></span> 
     </span>
     <span class='ocr_line' id='line_1_42' title="bbox 234 4102 1301 4191; baseline -0.011 -19"><span class='ocrx_word' id='word_1_355' title='bbox 234 4130 352 4191; x_wconf 89' lang='lat' dir='ltr'><strong>copum,</strong></span> <span class='ocrx_word' id='word_1_356' title='bbox 379 4110 460 4188; x_wconf 87' lang='lat' dir='ltr'><strong>quod</strong></span> <span class='ocrx_word' id='word_1_357' title='bbox 484 4108 694 4189; x_wconf 86' lang='lat' dir='ltr'><strong>injudicando</strong></span> <span class='ocrx_word' id='word_1_358' title='bbox 717 4125 776 4167; x_wconf 91' lang='lat' dir='ltr'><strong>non</strong></span> <span class='ocrx_word' id='word_1_359' title='bbox 806 4124 871 4167; x_wconf 90' lang='lat' dir='ltr'><strong>eam</strong></span> <span class='ocrx_word' id='word_1_360' title='bbox 896 4106 1079 4167; x_wconf 89' lang='lat' dir='ltr'><strong>adhibuisset</strong></span> <span class='ocrx_word' id='word_1_361' title='bbox 1110 4102 1301 4176; x_wconf 84' lang='lat' dir='ltr'><strong>methodum,</strong></span> 
     </span>
     <span class='ocr_line' id='line_1_43' title="bbox 234 4182 1299 4272; baseline -0.011 -19"><span class='ocrx_word' id='word_1_362' title='bbox 234 4212 319 4272; x_wconf 86' lang='lat' dir='ltr'><strong>quam</strong></span> <span class='ocrx_word' id='word_1_363' title='bbox 333 4191 477 4255; x_wconf 87' lang='lat' dir='ltr'><strong>adhihere</strong></span> <span class='ocrx_word' id='word_1_364' title='bbox 492 4190 645 4271; x_wconf 84' lang='lat' dir='ltr'><strong>oportebat</strong></span> <span class='ocrx_word' id='word_1_365' title='bbox 662 4208 707 4271; x_wconf 89' lang='lat' dir='ltr'><strong>sp.</strong></span> <span class='ocrx_word' id='word_1_366' title='bbox 727 4192 826 4270; x_wconf 77' lang='lat' dir='ltr'><strong>bopp.</strong></span> <span class='ocrx_word' id='word_1_367' title='bbox 845 4198 916 4251; x_wconf 88' lang='lat' dir='ltr'><strong>tom.</strong></span> <span class='ocrx_word' id='word_1_368' title='bbox 934 4190 952 4249; x_wconf 79' lang='lat' dir='ltr'><strong>b</strong></span> <span class='ocrx_word' id='word_1_369' title='bbox 967 4206 1000 4269; x_wconf 87' lang='lat' dir='ltr'><strong>p.</strong></span> <span class='ocrx_word' id='word_1_370' title='bbox 1018 4186 1078 4247; x_wconf 67' lang='grc'><strong>749</strong></span> <span class='ocrx_word' id='word_1_371' title='bbox 1092 4184 1139 4246; x_wconf 75' lang='lat' dir='ltr'><strong>eri.</strong></span> <span class='ocrx_word' id='word_1_372' title='bbox 1159 4182 1299 4248; x_wconf 78' lang='lat' dir='ltr'><strong>Mourin.</strong></span> 
     </span>
     <span class='ocr_line' id='line_1_44' title="bbox 238 4271 1301 4353; baseline -0.01 -15"><span class='ocrx_word' id='word_1_373' title='bbox 238 4278 336 4339; x_wconf 82' lang='lat' dir='ltr'><strong>Venct.</strong></span> <span class='ocrx_word' id='word_1_374' title='bbox 359 4275 458 4353; x_wconf 76' lang='lat' dir='ltr'><strong>alat,-</strong></span> <span class='ocrx_word' id='word_1_375' title='bbox 476 4292 511 4335; x_wconf 83' lang='lat' dir='ltr'><strong>ex</strong></span> <span class='ocrx_word' id='word_1_376' title='bbox 527 4291 585 4353; x_wconf 89' lang='lat' dir='ltr'><strong>qua</strong></span> <span class='ocrx_word' id='word_1_377' title='bbox 606 4272 725 4351; x_wconf 86' lang='lat' dir='ltr'><strong>quidam</strong></span> <span class='ocrx_word' id='word_1_378' title='bbox 750 4272 870 4351; x_wconf 88' lang='lat' dir='ltr'><strong>epistola</strong></span> <span class='ocrx_word' id='word_1_379' title='bbox 887 4271 1075 4333; x_wconf 77' lang='lat' dir='ltr'><strong>manifestum</strong></span> <span class='ocrx_word' id='word_1_380' title='bbox 1094 4275 1154 4346; x_wconf 88' lang='lat' dir='ltr'><strong>est,</strong></span> <span class='ocrx_word' id='word_1_381' title='bbox 1178 4282 1235 4347; x_wconf 87' lang='lat' dir='ltr'><strong>qua</strong></span> <span class='ocrx_word' id='word_1_382' title='bbox 1258 4282 1301 4327; x_wconf 89' lang='lat' dir='ltr'><strong>so·</strong></span> 
     </span>
    </p>
   </div>
   <div class='ocr_carea' id='block_1_3' title="bbox 0 0 1807 5625">
    <p class='ocr_par' dir='ltr' id='par_1_4' title="bbox 0 0 1807 5625">
     <span class='ocr_line' id='line_1_45' title="bbox 0 0 1807 5625; baseline 0 0"><span class='ocrx_word' id='word_1_383' title='bbox 0 0 1807 5625; x_wconf 95' lang='lat' dir='ltr'><strong> </strong></span> 
     </span>
    </p>
   </div>
  </div>
 </body>
</html>
