3575 5625
887 631 1104 702 -506-

457 794 548 868 sant,
580 777 760 879 dicuntque
796 779 1039 868 testimonium
1074 806 1115 850 an
1143 803 1210 850 non
1250 778 1338 850 idem
1373 779 1527 850 adversus

457 901 528 948 reos
576 878 663 951 laesae
700 879 873 978 majestatis
913 877 1029 951 divinae
1067 881 1122 977 jus
1156 893 1241 949 recte
1283 878 1526 950 constituetur?

458 973 548 1046 Nihil
581 1001 657 1049 vero
693 975 909 1050 metuendum
947 991 996 1048 est
1038 1003 1075 1048 ex
1116 979 1191 1048 vitio
1222 979 1430 1066 accusatoris,
1469 992 1529 1045 aut

461 1075 610 1161 testium3
652 1076 797 1172 primum
831 1079 908 1174 quia
947 1100 1119 1171 poenarum
1157 1077 1325 1146 severitate
1360 1077 1527 1170 provisum

458 1187 519 1258 est,
552 1199 595 1244 ne
622 1175 695 1270 quis
717 1171 796 1246 falso
823 1189 963 1263 aocuset,
997 1191 1054 1245 aut
1083 1175 1304 1244 testimonium
1337 1172 1419 1243 ferat
1445 1173 1526 1266 (l):¹

458 1268 578 1342 deinde
613 1275 689 1369 quia
729 1296 827 1344 nemo
857 1275 1047 1345 accusatoris
1083 1297 1120 1342 ae
1149 1273 1282 1342 testium
1316 1275 1423 1342 minus
1450 1269 1531 1341 ido-

458 1392 595 1440 neorum
631 1369 698 1440 lide
736 1369 985 1442 condemnatur.
1021 1370 1102 1444 llaee
1143 1371 1325 1440 testimonia
1364 1384 1398 1439 et
1428 1393 1532 1439 aceu-

460 1468 540 1538 satio
576 1466 718 1555 faciunt,
754 1484 791 1539 ut
825 1471 1029 1567 inquisitores
1062 1471 1096 1538 in
1128 1467 1357 1540 denuntiatum
1385 1470 1532 1538 intentos

460 1561 599 1636 habeant
637 1567 766 1656 oeulos,
811 1583 909 1665 atque
955 1582 992 1638 ut
1045 1581 1195 1664 qoaerant
1237 1563 1421 1661 diligenter,
1470 1566 1532 1730 qui

461 1663 531 1760 ejus
557 1689 685 1755 morea,
714 1689 788 1764 quae
824 1667 888 1735 viu
922 1664 1132 1762 doctrinaque
1164 1666 1223 1753 sit,
1249 1680 1281 1734 et
1309 1689 1384 1734 eum
1409 1688 1444 1735 re
1494 1665 1532 1732 iu

462 1761 670 1862 multumque
702 1765 860 1862 quaesita,
901 1790 941 1834 ex
985 1765 1078 1836 certis
1127 1765 1345 1834 monumentis
1390 1761 1530 1834 eviden-

463 1875 514 1930 ter
543 1876 691 1951 constat,
727 1859 869 1960 aliquem
895 1862 994 1934 talem
1026 1885 1135 1934 revera
1172 1885 1261 1952 esse,
1297 1857 1402 1958 qualis
1431 1885 1534 1932 aecu-

463 1976 549 2030 satus
575 1976 641 2049 est,
686 1975 756 2030 tum
789 1957 922 2032 demum
958 1975 1068 2032 eontra
1102 1984 1198 2048 eum,
1227 1984 1294 2031 non
1330 1974 1466 2056 propter
1486 1960 1534 2026 vi-

463 2059 560 2129 tiosos
590 2073 702 2146 testes,
729 2073 786 2128 aot
820 2074 1058 2149 accusatorem,
1090 2055 1147 2128 sed
1178 2073 1311 2156 propter
1339 2059 1534 2129 eertissimas

465 2155 669 2252 probationes
692 2154 854 2254 judicium
881 2157 1055 2228 emittitur.

501 2319 544 2399 (l)
565 2318 711 2381 Adversus
727 2320 814 2381 falsos
826 2329 1023 2396 accusatores,
1039 2326 1089 2382 aut
1103 2329 1206 2398 testes,
1225 2329 1331 2400 prester
1344 2321 1527 2400 spirituales,

463 2401 636 2482 temporales
654 2402 743 2462 etiam
760 2420 860 2480 oeque
882 2403 1060 2484 gravissime
1081 2421 1173 2484 poene
1193 2413 1260 2464 sunt
1276 2405 1449 2465 eonstitntas
1469 2403 1529 2464 ee·

461 2483 552 2546 lebris
571 2483 603 2543 in
624 2483 727 2563 primis
743 2501 777 2545 ea
795 2483 833 2544 de
856 2503 890 2545 re
914 2493 958 2544 est
977 2485 1145 2548 eonstitutio
1164 2483 1368 2548 Intelleximus
1393 2487 1430 2547 52
1456 2487 1531 2547 leo-

463 2567 510 2628 nis
524 2568 552 2627 x
568 2564 633 2626 data
651 2564 689 2625 ad
711 2565 856 2644 Hispanis
870 2566 1046 2642 Quoesitores
1058 2587 1134 2629 anno
1151 2569 1245 2644 1518,
1261 2568 1295 2629 ia
1308 2564 1381 2630 tott.
1396 2569 1531 2628 Rumon.

465 2656 536 2710 tom.
556 2648 658 2730 dper.
681 2648 699 2708 3
717 2666 789 2731 ρας.
806 2647 877 2710 465.
896 2651 997 2728 Neque
1015 2667 1085 2711 vero
1101 2649 1152 2714 has
1168 2669 1267 2732 penas
1279 2650 1421 2711 declinare
1432 2657 1536 2728 potest

464 2729 595 2809 quisquis
618 2730 718 2790 tusam
743 2729 848 2790 detulit
871 2733 1097 2809 accusationem,
1123 2741 1173 2794 aut
1197 2733 1299 2793 salsum
1328 2730 1534 2793 testimonium

463 2813 551 2875 dixit.
569 2814 642 2875 Nam
655 2813 766 2891 quevis
782 2814 924 2876 accusatio
943 2823 972 2874 et
990 2815 1112 2895 quodvis
1130 2816 1330 2879 testimonium
1348 2813 1535 2893 inquisitoris

465 2894 571 2957 exeitat
583 2894 780 2976 diligentiam,
799 2902 833 2957 ut
854 2914 960 2977 magno
976 2896 1074 2957 studio
1092 2904 1179 2978 atque
1198 2916 1267 2959 eura
1281 2898 1430 2958 veritatem
1444 2914 1536 2974 que·

464 2988 521 3041 rat.
544 2978 709 3041 Necessario
733 2984 830 3039 autern
853 2979 1029 3041 invenienda
1048 2979 1156 3043 veritas
1176 2979 1333 3059 querendo
1354 2988 1406 3040 est.
1429 2980 1536 3040 Uau-

465 3069 562 3123 autern
576 3060 613 3122 de
624 3059 738 3122 duobus
751 3058 828 3120 effici
841 3060 944 3139 debet,
961 3070 1012 3123 aut
1025 3070 1058 3123 ut
1072 3080 1175 3126 verum
1192 3070 1302 3125 eonstet
1320 3080 1381 3125 esse
1398 3060 1535 3135 odmen,

466 3152 495 3204 et
509 3152 579 3204 tune
591 3161 660 3205 vera
673 3140 831 3219 aoeusatio,
854 3144 982 3222 itemque
995 3160 1063 3204 vera
1083 3146 1246 3209 testimonia
1265 3152 1350 3217 sunt,
1364 3150 1413 3205 aut
1427 3152 1537 3203 eontra

465 3226 577 3287 crimen
598 3232 643 3285 est
659 3224 778 3303 falsum,
794 3232 824 3285 et
839 3233 909 3285 tune
930 3224 966 3286 de
985 3225 1056 3286 salso
1074 3234 1237 3288 accusatore
1254 3226 1390 3306 falsisque
1404 3223 1537 3286 testibus

466 3326 551 3387 pena
573 3306 710 3367 sumitur.
732 3307 763 3368 si
786 3306 824 3367 ad
849 3307 912 3369 hee
924 3306 1094 3368 advertisset
1115 3308 1290 3371 Corollarius
1305 3308 1376 3371 inst.
1394 3306 1534 3369 oonouie.

463 3407 535 3471 por.
552 3388 571 3448 5
588 3406 652 3469 top.
669 3384 730 3467 35.
746 3390 782 3465 8,
799 3388 879 3451 haud
891 3397 969 3451 oerte
983 3390 1154 3471 exagitasset
1174 3390 1301 3452 tribunal
1316 3390 1535 3470 inquisitionis,

465 3469 546 3549 quod
569 3486 671 3530 omnes
694 3470 732 3530 ad
758 3472 951 3533 aeeusandurn
978 3478 1065 3551 atque
1087 3474 1124 3535 ed
1152 3472 1309 3534 dicendum
1331 3471 1537 3535 testimoninm

467 3550 614 3612 admittat.
638 3552 729 3613 Nono
747 3553 826 3613 enim
845 3563 965 3634 propter
983 3553 1059 3615 hane
1077 3556 1305 3631 accusationem,
1326 3564 1377 3616 ant
1396 3556 1538 3616 testimo-

468 3633 551 3694 nium
562 3630 786 3710 eoademnator,
801 3641 832 3694 et
843 3644 913 3697 sunt
926 3636 1074 3698 inanitatis
1093 3636 1258 3716 plenissima
1273 3638 1321 3698 illa
1334 3635 1396 3717 ejus
1414 3635 1535 3699 verba:

475 3741 489 3769 a
503 3716 575 3792 Qum
588 3714 667 3775 enim
678 3715 816 3795 aequitas,
826 3735 893 3797 que
899 3718 1011 3796 justitia
1022 3736 1084 3781 esse
1094 3726 1203 3799 potest,
1217 3719 1267 3780 ubi
1276 3719 1539 3789 ,indiscriminatim

468 3813 570 3859 omnes
578 3795 617 3857 ad
628 3797 837 3939 qeruaaadum,
852 3799 905 3861 alsi
920 3818 1020 3862 omues
1037 3800 1075 3862 ad
1094 3802 1251 3864 dicendum
1266 3800 1537 3865 testimoniumad·

470 3880 630 3943 mittuntur
662 3904 677 3933 s

464 4076 468 4081 .
518 4008 549 4113 g.
579 4008 671 4082 lllll.
718 4011 916 4085 lseuatorts
946 4030 1054 4085 autern
1091 4030 1189 4113 atque
1222 4016 1353 4087 testium
1399 4015 1542 4087 nomina

471 4137 540 4185 non
579 4107 804 4207 divulgantur,
837 4127 938 4211 atque
969 4110 1120 4185 omnibus
1154 4116 1259 4185 areani
1295 4128 1541 4185 sacramentum
1662 4178 1663 4191 ,

473 4211 660 4307 impositum
688 4224 748 4282 est.
781 4207 819 4283 ld
851 4236 926 4283 rero
957 4213 1118 4309 sapienter
1144 4229 1192 4285 est
1228 4216 1458 4301 constitutum,
1498 4230 1540 4281 ut
1662 4220 1663 4303 ξ
