3575 5625
660 616 880 687 -947-

240 766 412 842 calviniani,
435 764 523 826 ceteri
545 780 604 824 nou
623 764 749 843 amplius
777 772 865 826 erunt
888 765 1034 842 baeretici3
1057 768 1196 847 quoniam
1210 772 1309 829 omni-

240 848 391 909 basidem
417 854 498 927 patet
518 843 676 925 effugium,
705 854 735 907 et
758 864 860 908 omnes
885 849 950 925 pari
972 849 1040 926 jure
1062 868 1130 910 cum
1152 851 1310 927 Quesncllo

239 931 387 991 ruitatcm
402 946 492 1009 penes
505 946 537 989 se
549 945 612 989 esse
625 926 819 989 arbitrantur.
835 931 929 1004 Quam
947 948 1018 991 vero
1031 948 1067 990 ex
1078 931 1233 1011 multiplici
1257 933 1310 993 illo

241 1030 360 1073 numero
387 1012 611 1087 baereticorum,
635 1008 743 1087 quibus
769 1010 908 1071 omnibus
934 1010 1090 1072 dissimiles
1116 1012 1252 1093 interque
1277 1032 1309 1075 se

241 1100 401 1175 pugnantes
412 1094 566 1155 sententiae
577 1098 658 1167 sunt,
673 1091 778 1153 ceteris
789 1090 989 1171 proferendos
1000 1092 1188 1171 putabimus?
1200 1098 1310 1157 Omnes

241 1193 325 1254 penas
339 1194 372 1236 se
391 1176 546 1237 veritatem
563 1172 674 1233 babere
690 1182 826 1251 censent,
841 1182 871 1234 et
885 1174 1023 1235 tamensi
1037 1192 1094 1252 qua
1110 1183 1189 1236 secta
1200 1177 1310 1237 verita-

241 1266 297 1319 tem
310 1257 451 1333 baberet,
470 1274 534 1317 eam
554 1262 633 1316 certe
645 1254 756 1317 babere
774 1273 833 1317 non
848 1264 968 1334 possent
986 1256 1108 1335 reliquae
1123 1264 1226 1333 sectas,
1244 1276 1311 1337 quar

240 1339 274 1399 ab
287 1340 351 1400 aliis
362 1358 451 1417 quam
468 1338 596 1399 maxime
618 1335 795 1417 discrepant.
817 1340 893 1417 Ergo
911 1345 946 1397 ut
962 1336 1164 1419 intelligatur,
1186 1339 1238 1419 qui
1257 1357 1311 1400 re·

240 1422 355 1481 ritatem
372 1428 546 1501 sequantur,
567 1417 677 1497 quique
698 1420 728 1479 in
758 1436 859 1480 erroro
878 1427 1049 1496 versentur,
1073 1428 1191 1499 oportet
1209 1420 1311 1482 adesse

239 1502 380 1581 judicem,
400 1504 456 1599 qui·
469 1510 549 1598 certo
569 1500 704 1595 deliniat,
731 1502 798 1579 quis
819 1500 934 1597 insistat
954 1502 987 1561 in
1000 1502 1137 1575 veritate,
1150 1502 1257 1581 etquis
1270 1503 1309 1564 ab

241 1584 554 1735 ttt‘ltlitli
563 1590 661 1725 iil
672 1580 850 1744 liliati
863 1583 1309 1741 illabiliiiloiiilssi

242 1746 382 1809 Catholica
405 1750 550 1821 Romana,
577 1744 614 1807 ad
635 1764 724 1824 pram
745 1753 861 1807 tantum
884 1747 1034 1825 pertinent
1060 1765 1094 1809 ea
1115 1748 1216 1828 signa,
1243 1766 1311 1827 qun

242 1847 333 1890 amam
351 1830 501 1891 eeclesiam
517 1828 719 1908 distinguunt,
739 1829 782 1888 uti
799 1826 1032 1889 demonstratum
1052 1836 1097 1889 cat
1120 1829 1152 1888 iu
1173 1826 1311 1911 Prolepo

243 1912 330 1973 menia
341 1930 410 1994 enp.
427 1914 441 1973 l
460 1910 488 1993 5.
507 1912 544 1971 15
558 1928 618 1993 sep.
644 1917 714 1970 tom.
734 1911 763 1970 l.
786 1912 854 1971 llaec
869 1928 929 1970 uun
941 1928 1031 1989 penes
1050 1928 1084 1971 se
1097 1909 1188 1971 babet
1201 1906 1339 1971 verita·'

244 2001 409 2072 tem,qusm
419 2012 436 2053 a
448 1992 564 2055 cbristo
577 1992 687 2070 aceepit
699 2000 841 2071 perpetuo
855 1992 1097 2068 custodiendam,
1113 1992 1176 2053 baec
1190 1991 1310 2055 baereti-

243 2092 287 2135 ωε
299 2076 470 2154 pronuntiat
484 2074 694 2154 zwinglianos,
711 2072 931 2152 Anabaptistas,
948 2072 1146 2149 lutheranus,
1164 2074 1311 2137 calvinia-

243 2174 303 2231 nos,
318 2166 440 2231 eeteros,
454 2156 608 2235 quonim,
621 2172 687 2216 cum
701 2154 734 2215 bi
746 2173 847 2216 omnes
857 2155 895 2215 ab
906 2174 940 2215 ca
950 2155 1126 2233 discrepant,
1142 2156 1309 2235 discrepant

243 2238 403 2316 arentate,
420 2258 486 2317 qun
500 2246 582 2298 extra
602 2254 666 2297 eam
682 2254 744 2297 esse
761 2254 820 2297 nou
838 2244 945 2316 potest.
964 2239 1117 2299 Neminem
1139 2237 1201 2315 ipsa
1214 2239 1311 2315 oppri-

242 2320 309 2397 mit3
331 2321 383 2381 scd
410 2327 508 2393 curat,
535 2326 569 2379 ut
595 2320 716 2389 veritas,
743 2336 831 2397 quam
857 2317 1003 2399 integram
1035 2318 1184 2379 custodire
1206 2318 1310 2390 debet,

243 2400 393 2463 bominum
404 2402 555 2462 erroribus
568 2418 627 2461 nnn
641 2399 841 2479 opprimatur,
862 2400 949 2478 eique
962 2418 1079 2480 semper
1096 2400 1180 2461 adest
1191 2400 1312 2479 spiritus

242 2484 480 2561 assensusque
501 2483 539 2543 ad
554 2482 834 2543 consummationem
856 2483 971 2556 saeculi,
993 2483 1055 2543 siae
1073 2489 1172 2559 pacata
1186 2490 1216 2541 et
1228 2490 1312 2542 tran-

242 2564 332 2642 quilla
356 2565 415 2625 sint
433 2571 583 2643 tempora,
605 2563 666 2623 sive
690 2562 916 2623 adversitatibus
937 2563 1095 2643 affligatur.
1121 2562 1229 2624 confer
1246 2582 1313 2640 quoe

241 2663 273 2705 ea
285 2644 323 2707 de
338 2662 373 2705 re
386 2645 501 2725 scripsit
515 2644 684 2707 Franciscus
699 2645 826 2706 Simonis
850 2646 937 2725 Belga
958 2642 994 2706 de
1008 2642 1169 2727 fraudibus
1183 2640 1310 2706 luceretis.

240 2746 309 2809 por.
325 2726 390 2809 dff.
414 2730 466 2788 lb.
488 2729 526 2789 tt
545 2744 611 2787 cum
625 2726 738 2805 judicio
753 2728 884 2804 supremi
903 2728 1028 2805 pastoris
1046 2734 1076 2787 et
1091 2726 1310 2804 episcoporum,

145 2829 146 2854 r
241 2829 304 2870 oum
316 2829 352 2872 eo
364 2809 467 2870 morali
481 2808 673 2871 unanimitate
687 2808 950 2884 consentientium,
973 2810 1151 2869 necessarius
1164 2817 1208 2869 est
1219 2806 1313 2886 plebis

240 2909 412 2966 eonsensus,
436 2892 498 2952 sive
519 2900 553 2952 ut
571 2891 620 2951 alii
646 2891 797 2966 scribunt,
817 2909 874 2951 vox
891 2890 1051 2950 testimonii
1070 2889 1252 2960 traditionis,
1273 2890 1313 2948 ita

240 2981 271 3033 ut
284 2973 361 3036 illud
374 2974 439 3034 sine
451 2972 544 3052 plebis
565 2990 724 3047 consensu,
740 2991 773 3032 ac
789 2972 957 3032 testimonio
976 2973 1036 3030 vim
1050 2971 1161 3030 nullam
1182 2969 1313 3029 habeat?

241 3057 297 3116 lloc
320 3073 440 3134 quoque
461 3055 639 3134 appellantes
662 3073 677 3114 a
692 3053 812 3116 Calvino
826 3061 856 3112 et
871 3051 1100 3132 protestantibus
1110 3051 1242 3127 arripere
1253 3066 1313 3110 non

241 3135 424 3198 dubitarunt.
440 3139 514 3200 Nam
525 3134 555 3197 id
571 3153 706 3214 expresse
718 3134 825 3196 litteris
837 3133 987 3194 mandarit
999 3131 1135 3194 calvinus
1149 3129 1220 3191 inat.
1228 3127 1280 3190 lib.
1292 3133 1312 3192 l

240 3221 332 3301 copi
352 3237 438 3279 num.
463 3220 519 3290 22,
541 3218 702 3296 eademque
724 3224 767 3277 est
797 3215 941 3276 sententia
966 3212 1088 3276 Lutberi
1113 3209 1150 3272 de
1173 3210 1308 3294 captivit.

240 3301 267 3360 B
324 3298 388 3362 lon.
406 3299 451 3360 tit.
467 3297 503 3361 dc
517 3297 621 3360 ordine
633 3297 661 3380 3.
679 3296 804 3374 Quidsi
821 3304 995 3380 caperentur
1073 3302 1169 3356 .tom.
1186 3296 1205 3355 2
1221 3312 1255 3376 p.
1271 3295 1312 3358 at

239 3379 281 3440 ed.
341 3379 453 3442 ittemb.
483 3381 579 3456 1562,
600 3386 630 3440 et
647 3387 787 3458 apostatae
807 3383 847 3441 li.
871 3378 992 3474 Antonii
1011 3312 1210 3472 mbomiuis
1227 3373 1309 3438 libi

239 3465 469 3619 ibiibi
484 3457 1314 3621 latinitati{attiliililiiltttltib

240 3624 356 3702 habita,
376 3625 546 3704 parisdma
567 3624 663 3685 inusta
684 3641 761 3684 nona
780 3623 979 3693 confixerunt,
997 3624 1107 3702 quippe
1129 3641 1195 3701 qum
1218 3621 1313 3684 nonti-

240 3716 321 3768 neret
353 3705 484 3767 anulus
508 3706 734 3784 propositiones,
761 3705 957 3784 expositiones
979 3714 1009 3765 ct
1025 3704 1213 3784 allegationes
1230 3721 1314 3766 earo-

240 3805 322 3866 neas,
353 3787 551 3864 seandalosas,
582 3787 779 3847 schismaticas
807 3794 836 3846 et
860 3794 894 3846 ut
911 3794 1016 3847 sonant
1037 3785 1227 3846 berctinus.»
1257 3790 1316 3847 llos

239 3869 326 3930 duces
350 3875 382 3928 et
406 3875 538 3930 auctores
553 3875 717 3947 sequuntur
737 3868 911 3944 Quesnellus
927 3886 979 3951 pr.
1007 3868 1066 3942 75,
1091 3874 1121 3928 et
1144 3867 1313 3927 invocator.

239 3961 339 4012 auctor
363 3948 432 4010 libri
449 3952 677 4012 Renocrsamcnt
692 3947 728 4010 de
741 3947 772 4010 lo
786 3946 903 4026 libertd,·
919 3948 1098 4022 babordius,
1122 3947 1316 4028 Tdrnoipaope

239 4029 272 4090 de
299 4029 331 4093 lo
360 4030 467 4106 abaco·
493 4038 595 4092 auctor
621 4030 750 4108 epistole
774 4034 794 4091 d
822 4033 867 4092 Μ.
896 4027 1036 4113 l'Eotpare
1066 4027 1217 4100 d’Autun3
1246 4043 1316 4084 auc-

239 4121 284 4172 tor
305 4112 407 4191 operis
430 4109 569 4194 Apolnpic
590 4111 641 4174 des
667 4114 751 4172 errria
776 4110 812 4172 de
838 4112 953 4186 Poris,-
980 4119 1082 4172 auctor
1106 4111 1203 4186 operis
1227 4107 1315 4166 Nou-

243 4213 341 4255 ucuus
359 4194 514 4256 mernoirea
528 4213 581 4257 sacr
594 4191 722 4276 l'oppel,·
743 4201 845 4253 auctor
854 4193 924 4253 libri
942 4195 994 4252 Du
1007 4190 1087 4252 droit
1101 4187 1137 4250 dc
1152 4185 1184 4248 lo
1193 4185 1317 4248 cononi-
