3575 5625
939 577 1161 648 ,256-

508 726 623 798 Simon,
652 742 718 786 eure
748 730 862 787 minnan
889 727 1030 807 expetivit
1061 744 1129 804 voa,
1161 734 1196 787 ut
1221 724 1364 785 cribraret
1397 725 1472 785 siem
1494 725 1566 785 triti-

508 826 591 885 cum3
617 824 672 887 ego
685 814 784 868 autem
808 809 910 888 rogavi
931 826 984 887 pro
995 817 1039 883 te,
1066 817 1173 869 utnon
1188 806 1306 868 deliniat
1324 806 1399 867 fider
1419 815 1485 881 tua,
1500 814 1528 865 et
1540 815 1568 866 tu

507 890 665 967 aliquando
678 906 836 950 nonveraua
848 888 992 950 nonlirma
1010 891 1117 951 iratres
1133 898 1210 950 tuoa.
1226 915 1240 942 a
1265 891 1330 966 Quo
1343 908 1380 949 ex
1398 887 1461 948 loon
1482 897 1568 967 patet,

507 990 523 1031 a
539 974 627 1033 Petro
640 969 762 1049 ejusque
778 971 993 1032 mnamaoriltua
1014 973 1120 1034 lratrea
1136 974 1169 1031 in
1193 970 1254 1031 lide
1266 988 1330 1031 aare
1352 968 1567 1041 eonlirmandna,

507 1052 586 1131 qnod
600 1070 671 1113 sane
684 1053 739 1131 ipai
751 1058 831 1113 reete
844 1061 984 1133 proaem
997 1072 1055 1115 non
1070 1061 1204 1133 poaaent,
1219 1053 1244 1112 ai
1259 1052 1289 1113 in
1310 1050 1381 1113 lidei
1403 1050 1569 1111 definitioni·

507 1134 563 1195 bna
572 1135 668 1195 errori
681 1134 844 1196 aubeaaent.
868 1138 1058 1197 «commune
1069 1145 1134 1197 erat
1153 1134 1290 1196 omnibns
1303 1132 1458 1211 apostolia,
1483 1134 1569 1211 inquit

507 1220 540 1279 S.
565 1218 622 1277 len
637 1218 678 1277 ll.
696 1217 828 1277 serrat
848 1212 890 1278 ol.
919 1218 1026 1300 drop.
1051 1218 1070 1278 5
1092 1226 1164 1279 tom.
1189 1212 1277 1277 lool.
1302 1217 1341 1276 18
1359 1212 1406 1277 ed.
1427 1213 1480 1274 cit.
1495 1214 1569 1273 illurn

507 1297 654 1377 explioana
671 1296 818 1379 Evangelii
843 1298 956 1375 loenm,
977 1299 1141 1377 perieulum
1162 1298 1201 1359 de
1215 1296 1377 1358 tentatione
1396 1294 1569 1368 formidinis,

508 1388 538 1439 et
561 1377 670 1440 divinia
685 1378 875 1459 protectionis
890 1380 1001 1442 auxilio
1023 1382 1135 1461 pariter
1152 1378 1340 1461 indigebant,
1363 1378 1501 1458 qnoniam
1515 1375 1571 1436 dia-

506 1460 592 1523 bolus
610 1477 712 1521 omnes
730 1460 891 1543 exagitare,
913 1479 1016 1523 otnuea
1036 1462 1175 1542 cupiebat
1194 1462 1319 1523 elidere:
1343 1470 1374 1521 et
1396 1467 1493 1519 umen
1512 1476 1571 1537 spe·

507 1542 588 1603 cialia
608 1542 766 1605 alinmino
781 1543 861 1604 Petri
881 1560 951 1603 eura
968 1545 1141 1623 marspiter,
1161 1552 1192 1605 et
1214 1560 1269 1622 pro
1285 1540 1346 1603 lide
1362 1542 1443 1603 Petri
1463 1540 1571 1619 proprie

507 1623 704 1705 supplicetur,
719 1631 868 1703 tamquam
882 1624 1008 1686 aliorum
1021 1634 1115 1687 atatam
1126 1626 1234 1685 nertior
1246 1626 1285 1685 ait
1298 1624 1433 1699 iuturus,
1460 1622 1484 1682 ai
1496 1639 1571 1681 mena

507 1703 811 1849 ttlttltilltt
822 1705 1296 1871 {tintinnalia
1310 1704 1572 1848 {iffi-‘llll

978 1834 989 1864 5

508 1870 689 1945 eommunia,
710 1868 841 1931 dubitari
861 1888 920 1930 non
940 1878 1049 1949 puteat,
1072 1871 1145 1949 quin
1165 1870 1203 1930 nd
1226 1886 1276 1931 eoa
1298 1884 1415 1947 quoque
1432 1866 1572 1926 uanaierit

507 1954 552 2011 via
564 1949 705 2012 orationis
729 1951 854 2026 Christi,
868 1952 920 2030 qui
941 1970 996 2031 pro
1015 1954 1095 2013 Petri
1122 1950 1183 2012 lide
1195 1968 1347 2029 nunquam
1361 1948 1509 2010 deiemura
1524 1949 1573 2007 Pa-

508 2040 586 2093 trem
610 2032 750 2093 exoravit.
778 2033 930 2095 conaentit
951 2035 1040 2094 etiam
1060 2034 1241 2109 Rometiua,
1256 2032 1308 2111 qui
1332 2031 1366 2093 ira
1388 2027 1571 2092 Meditotior.

507 2130 575 2193 aup.
599 2108 744 2195 Eoonpal.
760 2110 809 2174 dia
825 2113 864 2173 70
886 2114 928 2174 ita
943 2132 977 2175 ea
994 2115 1103 2176 Christi
1119 2114 1208 2177 verba
1225 2114 1363 2193 explieat:
1394 2114 1510 2173 aSrtan
1528 2128 1573 2169 ex·

507 2192 613 2273 petivit
626 2202 659 2254 ut
683 2195 828 2255 cribraret
851 2212 918 2256 voa:
937 2199 998 2277 ligo
1015 2204 1131 2273 antem,
1153 2199 1255 2272 Petre,
1277 2194 1357 2255 oravi
1380 2210 1437 2271 pro
1461 2201 1490 2253 te
1515 2208 1573 2271 spe·

509 2274 625 2350 cialiter,
646 2292 701 2355 pro
731 2284 762 2337 to
784 2276 936 2353 distinete,
959 2295 1019 2339 non
1044 2278 1125 2357 quod
1149 2278 1221 2339 alios
1246 2275 1422 2357 neglexerit,
1456 2274 1522 2347 aed,
1545 2280 1574 2331 nt

425 2390 436 2415 0
510 2356 656 2435 explieant
679 2359 731 2419 SS.
761 2354 877 2435 Patres,
906 2358 975 2437 quia
1001 2359 1119 2421 lirmato
1147 2360 1242 2440 eapite
1274 2355 1421 2437 impedire
1453 2352 1575 2427 votetat,

509 2454 549 2499 ne
560 2438 693 2499 membra
704 2445 875 2500 nutarentr
893 2441 989 2515 Quem
1001 2441 1135 2502 inlinem
1179 2441 1228 2502 ulo
1240 2437 1459 2520 posiderunt,
1476 2437 1576 2498 «ale-

511 2528 591 2579 trum
608 2519 647 2581 oh
660 2520 823 2581 orationem
842 2518 952 2583 Christi
969 2524 1114 2602 reoepiaae
1157 2522 1226 2583 dem
1237 2528 1438 2598 comunem,
1461 2516 1575 2578 invinci-

512 2600 618 2677 bilem,
643 2602 844 2664 ineoneuaaam
861 2608 891 2662 et
909 2602 951 2662 ita
968 2604 1185 2683 abundantem,
1210 2611 1245 2665 ut
1266 2604 1328 2682 ipaa
1350 2610 1417 2681 apta
1443 2596 1575 2662 ineritad

511 2680 747 2745 nonlirmandum
771 2701 829 2744 non
850 2683 946 2744 solum
969 2684 1041 2746 alioa
1063 2685 1182 2764 fidelea,
1207 2684 1260 2747 aed
1284 2685 1373 2746 etiam
1391 2684 1499 2743 fratrea
1515 2696 1575 2740 auos
1665 2682 1667 2712 ¹

511 2763 656 2843 apostolos
669 2771 699 2826 et
716 2773 846 2844 pastorea
859 2766 995 2848 gregia»
1016 2769 1114 2847 Atque
1137 2767 1200 2830 heo
1218 2764 1339 2848 quidem
1360 2763 1399 2826 ad
1421 2765 1576 2828 Primatum
1665 2773 1667 2831 !

512 2845 676 2926 pertinere,
689 2847 740 2926 qui
749 2849 786 2908 ad
800 2849 879 2910 Petri
894 2866 1072 2910 annaeum
1085 2850 1237 2926 transivit,
1251 2857 1282 2910 et
1294 2846 1400 2910 exinde
1413 2845 1578 2925 Apoatnliee
1665 2848 1667 2939 j

512 2927 590 2988 aedia
611 2926 701 2990 fidem
721 2929 798 2990 vinei
813 2937 843 2990 et
865 2947 965 2990 errare
985 2949 1045 2991 non
1065 2949 1167 3010 posse,
1188 2930 1319 2992 ostendit
1338 2931 1371 2991 in
1390 2926 1575 2992 trerttvattor·
1665 2988 1667 2995 .

513 3008 575 3072 diei
587 3010 638 3070 tn.
655 3012 763 3074 Conler
780 3011 928 3076 Gelasium
948 3015 980 3074 P.
996 3030 1043 3093 ep.
1073 3014 1128 3090 tt,
1152 3013 1231 3091 apud
1252 3012 1343 3073 labb.
1367 3017 1441 3071 tom.
1469 3014 1575 3071 deone·
1665 3015 1667 3090 ξ

500 3089 569 3154 eol.
595 3093 644 3154 31λ
658 3091 704 3154 ed.
732 3094 825 3171 Vera,
845 3093 996 3173 Pelagium
1019 3097 1046 3157 ll
1070 3112 1117 3175 ep.
1147 3092 1226 3155 liud
1245 3091 1350 3154 liliam
1362 3101 1436 3154 tora.
1465 3094 1574 3153 omae.
1665 3093 1667 3167 i

513 3171 568 3235 col.
595 3175 672 3252 4263
695 3179 726 3237 S.
753 3175 936 3236 Bernardum
953 3174 1040 3256 epist.
1068 3178 1128 3236 tau
1150 3194 1217 3258 cup.
1243 3177 1258 3237 1
1287 3193 1341 3236 aera
1368 3182 1460 3234 anet.
1484 3179 1579 3235 matra
1665 3174 1667 3210 ³

514 3253 670 3317 Aboilnrd.
698 3253 739 3317 nd
757 3260 862 3319 lanne.
888 3257 925 3318 11
938 3275 1006 3338 opp.
1034 3266 1056 3318 t.
1071 3259 1091 3340 2
1109 3275 1184 3352 pop.
1209 3259 1269 3319 ¹83
1293 3254 1339 3318 ed.
1364 3258 1469 3318 Vertat.
1491 3253 1578 3324 ttet3

515 3339 545 3397 S.
575 3335 718 3398 'rhomam
743 3337 776 3398 ira
799 3357 865 3420 rap.
886 3339 906 3397 6
924 3335 1078 3416 Malthini,
1094 3348 1124 3399 et
1147 3339 1225 3400 mi.
1250 3340 1506 3422 apparatura.
1529 3336 1577 3407 to,
1665 3378 1666 3383 1

451 3419 454 3422 '
514 3421 627 3478 eeteros
648 3437 665 3480 a
687 3419 843 3480 Ballerinio
857 3419 993 3480 eolleetos
1016 3415 1072 3482 loe.
1093 3420 1145 3482 eit.
1164 3419 1226 3502 §.il
1270 3421 1358 3482 eto
1380 3425 1408 3479 et
1424 3437 1484 3502 rep.
1505 3417 1579 3478 llitto
1665 3432 1667 3485 3

513 3496 643 3592 reliqua,
668 3499 786 3593 quntalr
812 3500 916 3561 mdem
942 3500 1114 3580 Ballerinio,
1133 3439 1313 3579 llamnessio,
1332 3501 1433 3578 Orsio,
1452 3496 1580 3581 Bolpenio
1665 3524 1666 3545 2

516 3587 645 3656 exposita
660 3589 790 3660 graviter
801 3590 994 3662 aneurateque
1007 3591 1089 3644 aunt.
1665 3600 1666 3609 ’

564 3731 594 3834 §.
625 3732 698 3804 Vll.
731 3733 805 3806 lam
837 3761 914 3810 vern
942 3736 1116 3810 baeretinua
1143 3755 1193 3810 eat
1222 3736 1390 3809 habendus
1424 3761 1494 3809 non
1519 3754 1582 3804 tan-
1665 3764 1666 3831 j

514 3847 608 3923 tum,
643 3831 702 3930 qui
744 3835 893 3930 pervicax
936 3838 973 3906 in
1010 3861 1121 3907 errore
1155 3853 1357 3933 perseverat,
1401 3860 1502 3932 quem
1539 3858 1582 3902 ac·
1665 3890 1666 3895 ,

515 3929 630 4020 aleria,
684 3946 741 4002 aut
781 3957 929 4003 summus
978 3931 1131 4006 Pontifex
1173 3950 1342 4041 tamqnam
1399 3930 1581 4004 haereticum

514 4028 765 4120 condemnavit,
791 4029 848 4101 aed
885 4031 983 4102 etiam
1023 4033 1081 4128 qui
1112 4033 1214 4103 aciens
1246 4031 1392 4130 prudens
1433 4032 1470 4100 in
1521 4026 1581 4100 fide

515 4125 643 4199 dubitat
673 4126 740 4226 (l).
773 4127 857 4208 Nam
887 4131 1034 4227 quiaquia
1065 4127 1185 4202 dubins
1211 4146 1261 4201 est
1293 4132 1327 4200 in
1351 4127 1420 4201 fide
1446 4126 1582 4202 caeteta
