3575 5625
863 615 1085 688 -566-

439 768 486 831 his
497 767 632 830 censibus
653 766 834 840 obstineant,
850 764 1006 843 quonism,
1030 779 1133 824 eornm
1146 761 1276 841 inspecta
1290 762 1404 839 indole,
1417 767 1519 826 usuris

438 850 568 930 periculo
583 856 613 909 et
632 848 796 926 suspicione
810 864 870 906 non
882 855 995 907 carent.

478 933 520 1012 (5)
541 936 619 993 Sane
635 931 659 990 si
679 947 781 990 omnes
798 927 861 988 sere
872 927 949 1006 juris
967 926 1097 988 canonici
1117 927 1294 1006 interpretes
1314 927 1438 1006 periculi
1457 929 1520 1006 ple-

436 1033 505 1074 nam
529 1031 592 1073 esse
616 1017 749 1071 statuunt
770 1011 950 1088 emptionem
974 1026 1078 1070 census
1094 1008 1180 1068 realis
1197 1008 1235 1068 ad
1252 1019 1366 1070 certum
1381 1019 1516 1088 tempus,

437 1095 480 1154 uti
500 1101 625 1154 testatur
642 1096 796 1173 Fagnsnus
814 1091 847 1152 in
864 1109 931 1174 cop.
950 1093 990 1151 In
1011 1089 1128 1151 ciuitate
1146 1108 1231 1150 uum.
1254 1093 1291 1151 ts
1311 1090 1515 1168 decepturis,

436 1176 531 1236 multo
552 1176 644 1254 magis
668 1172 814 1234 cavendus
837 1182 882 1232 est
907 1190 1010 1234 census
1038 1172 1213 1252 personalis,
1243 1172 1293 1252 qui
1322 1173 1361 1234 ab
1386 1181 1520 1252 utroque

439 1256 632 1319 contrahente
642 1256 775 1336 extingui
790 1261 896 1334 potest.

486 1384 518 1485 §.
540 1385 669 1456 XXlll.
714 1385 774 1457 Est
813 1401 847 1457 et
887 1410 1016 1475 census,
1054 1387 1113 1482 qui
1157 1383 1330 1456 oitclt'tt'us
1371 1382 1514 1470 dicitur,

441 1488 517 1582 quia
556 1485 687 1554 tantum
732 1485 801 1554 viro
839 1480 1001 1554 creditore
1040 1481 1254 1580 persolvitur,
1295 1505 1400 1578 eoque
1448 1506 1519 1552 mo

438 1586 543 1653 riente
562 1583 775 1677 extinguitur.
805 1578 929 1651 Census
954 1581 1008 1652 bic
1036 1583 1158 1652 emitur
1181 1595 1216 1651 et
1239 1577 1393 1649 venditur
1419 1604 1520 1675 super

438 1705 474 1750 re
512 1704 645 1779 quoqne
677 1677 842 1749 fructifero
869 1677 1018 1774 quolibet
1060 1702 1146 1748 anno
1183 1675 1374 1766 solvendus,
1409 1675 1520 1748 donec

439 1779 515 1848 vitae
545 1801 650 1848 usurae
677 1777 804 1846 fruatur
829 1777 894 1846 sive
926 1777 973 1865 is,
1005 1779 1062 1872 qui
1098 1776 1270 1871 pecuniam
1304 1773 1414 1865 dedit,
1453 1776 1520 1844 sive

439 1874 520 1945 alius
555 1874 693 1970 quilibet
741 1900 761 1944 a
796 1871 1063 1944 contrahentibus
1097 1870 1282 1966 designatus
1316 1873 1384 1968 (l).
1422 1871 1521 1943 Solus

438 1971 568 2043 debitor
601 1997 735 2043 censum
761 1968 905 2041 vendens
936 1971 1089 2042 eumdem
1122 1969 1282 2042 redimere
1316 1995 1375 2041 suc
1407 1968 1518 2039 lubitu

439 2083 564 2166 potest,
602 2071 730 2164 integra
760 2071 907 2139 restituta
943 2071 1104 2164 pecunia,
1138 2093 1237 2165 quam
1269 2070 1414 2164 occepit,
1450 2091 1520 2138 non

440 2169 520 2236 item
554 2165 715 2258 creditor,
772 2168 806 2235 ui
833 2191 906 2237 eam
935 2168 1139 2252 numeravit,
1172 2164 1230 2236 sed
1262 2165 1315 2235 bic
1344 2179 1520 2236 contentus

441 2289 508 2334 esse
536 2263 635 2335 debet
662 2192 842 2352 fructibus,
874 2289 956 2360 quos
987 2266 1058 2336 vivo
1085 2265 1167 2352 sibi,
1203 2279 1259 2334 aut
1289 2261 1382 2334 alteri
1414 2262 1456 2332 ab
1486 2287 1520 2332 se

441 2360 609 2455 designato
633 2362 808 2456 quotannis
837 2360 918 2431 solvi
957 2378 1071 2456 pactus
1104 2377 1153 2434 est
1189 2360 1255 2456 (ἢ).
1293 2359 1354 2430 llic
1384 2385 1521 2458 quoque

441 2481 555 2528 census
576 2457 626 2528 rel
639 2459 746 2530 realis
763 2457 817 2526 vel
829 2459 1026 2554 personalis
1044 2484 1112 2530 esse
1133 2473 1258 2556 potestg
1279 2457 1321 2528 ad
1339 2472 1521 2555 utrumque

441 2553 554 2625 eadem
575 2557 764 2652 pertinent,
791 2578 868 2650 quae
898 2555 939 2626 de
967 2555 1099 2652 reliquis
1127 2555 1277 2627 censibus
1299 2555 1396 2652 paulo
1419 2581 1520 2652 supra

444 2651 530 2723 dicta
559 2669 648 2722 sunt.

483 2797 526 2879 (t)
548 2798 715 2860 Vitolitium
739 2799 820 2861 bunc
844 2797 955 2862 realem
982 2807 1188 2863 consumtum
1218 2819 1330 2871 mores,
1352 2808 1416 2861 tum
1441 2801 1523 2881 leges

440 2889 472 2940 et
485 2898 610 2941 canones
626 2882 762 2959 probant.
783 2882 919 2945 Clemens
938 2884 1007 2944 Vin
1022 2882 1143 2945 concilio
1158 2882 1319 2943 Viennensi
1337 2880 1427 2943 clun.
1448 2886 1463 2943 t
1486 2880 1524 2944 de

443 2960 503 3023 reb.
523 2960 619 3024 eccles.
637 2981 698 3023 uon
716 2962 809 3025 dieo.
827 2964 971 3040 ecclesiae,
989 2974 1039 3025 aut
1061 2965 1229 3025 monosterii
1248 2966 1340 3039 bona,
1358 2974 1389 3025 ct
1405 2963 1523 3024 reditus

444 3044 531 3105 alicui
549 3042 590 3105 cd
609 3044 675 3126 ejus
696 3044 792 3106 vitum
815 3046 936 3107 concedi
955 3046 1104 3125 permisit,
1126 3064 1194 3105 cum
1211 3045 1241 3105 id
1261 3047 1352 3123 ipsius
1376 3046 1520 3119 ecclesie,

441 3132 492 3185 aut
509 3127 680 3187 monasterii
696 3127 808 3187 utilitas
825 3147 859 3187 ac
880 3128 1034 3189 necessitas
1056 3126 1226 3205 postularet.
1250 3131 1281 3189 S.
1301 3126 1371 3188 Pius
1398 3130 1424 3188 V
1449 3144 1522 3187 con·

440 3207 610 3283 stitutione,
633 3226 690 3286 qus
709 3207 862 3283 definivit,
884 3228 1005 3269 censum
1028 3226 1159 3268 annuum
1177 3217 1256 3269 rcete
1274 3208 1413 3268 constitui
1436 3209 1468 3268 in
1488 3226 1522 3268 re

440 3288 608 3364 fructifera,
634 3288 794 3364 imm'obili,
817 3297 897 3349 certa
922 3308 956 3350 ac
980 3290 1156 3350 nominatim
1177 3290 1343 3371 designata,
1380 3289 1523 3351 vitalitios

440 3385 545 3427 census
558 3385 648 3445 super
672 3387 705 3429 re
723 3371 796 3430 item
813 3370 965 3431 fructifera
984 3372 1158 3432 constitutos
1179 3371 1258 3433 baud
1280 3389 1349 3431 sane
1369 3370 1523 3449 improbu-

440 3448 500 3521 vit;
526 3448 579 3507 sed
596 3449 655 3507 imo
673 3468 741 3509 cum
766 3458 943 3527 perpetuum
961 3470 1082 3513 censum
1102 3452 1190 3513 certis
1208 3452 1323 3533 legibus
1344 3452 1523 3513 obstrictum

439 3527 659 3605 approbaverit,
686 3530 779 3589 multo
811 3532 904 3611 magis
928 3550 1050 3594 censum
1078 3535 1290 3612 temporarium
1317 3552 1385 3594 cum
1413 3532 1524 3594 iisdem

444 3609 559 3688 legibus
569 3608 744 3687 approbasse
757 3610 887 3672 videtur.

481 3688 524 3770 (Ξ)
546 3694 588 3750 Ex
606 3692 819 3753 consuetudine
831 3700 947 3770 autem,
968 3702 1057 3772 atque
1071 3712 1106 3755 ex
1121 3695 1317 3773 peculiaribus
1334 3696 1523 3776 singularum

440 3772 596 3851 regionum
619 3770 734 3851 legibus
748 3773 927 3835 noscendum
951 3783 1011 3851 est,
1027 3778 1130 3853 quanti
1149 3794 1211 3837 esse
1236 3779 1363 3840 debcant
1384 3780 1522 3853 tructus,

443 3853 493 3930 qui
508 3872 545 3913 es
561 3852 687 3913 vitalitio
701 3872 804 3932 censu,
821 3857 979 3934 quotannis
992 3856 1123 3917 solvendi
1146 3866 1227 3918 sunt.
1241 3864 1314 3922 Cum
1337 3860 1419 3920 nulla
1432 3876 1525 3937 pecu-

441 3935 523 3995 liaris
537 3943 581 3995 est
594 3935 642 3995 lex
662 3942 692 3995 ct
703 3937 899 4014 consuetudo,
921 3955 969 3997 res
983 3945 1042 3999 tota
1058 3938 1200 4000 definitur
1217 3941 1341 4002 arbitrio
1362 3940 1433 4001 boni
1446 3941 1519 4017 viri,

441 4034 493 4075 seu
519 4024 602 4095 pacto
625 4016 877 4096 contrabentium,
903 4020 1017 4079 ratione
1042 4018 1141 4080 habita
1168 4024 1261 4082 aetatis
1284 4032 1314 4081 et
1343 4022 1524 4083 valetudinis

442 4098 521 4174 ejus,
538 4098 620 4177 cujus
641 4098 723 4159 obitu
744 4116 847 4159 census
864 4102 1058 4180 extinguitur.
1078 4102 1202 4163 Consule
1223 4106 1432 4165 Corarruvicm
1453 4122 1522 4164 cor.

445 4176 533 4239 rescl.
547 4176 599 4241 tit.
618 4181 712 4263 benp.
728 4181 746 4241 9
761 4200 846 4241 nuto.
866 4183 897 4241 7.
