3575 5625
886 631 1109 703 -572-

454 787 530 858 dem
565 798 704 879 negant,
740 783 777 851 in
809 803 886 852 enm
924 778 1104 876 quidquam
1139 781 1286 850 statuisse
1319 777 1448 852 sixtum
1485 779 1536 868 V,

454 909 553 980 quem
586 883 681 978 ajunt
717 895 849 950 tantum
882 876 1081 982 improbasse
1119 891 1323 967 contractus,
1366 879 1425 990 qni
1461 879 1538 976 jam

454 979 630 1081 improbati
662 992 776 1067 erent,
818 975 943 1046 nnllam
980 989 1091 1045 antem
1123 975 1239 1044 dixisse
1268 973 1375 1070 legem
1412 1000 1448 1045 ιιι
1479 1001 1537 1048 eos

454 1091 659 1165 contractus,
700 1076 758 1172 qui
805 1074 901 1169 probi
944 1088 978 1142 et
1027 1071 1156 1144 honesti
1209 1071 1416 1143 habebantur
1462 1072 1534 1170 (2)

454 1176 579 1247 Contra
619 1174 792 1268 scriptores
835 1170 932 1241 multi
966 1186 1000 1242 et
1039 1168 1164 1241 nobiles
1200 1169 1255 1266 (5)
1295 1167 1375 1242 Soto
1413 1167 1538 1241 suffra-

456 1289 594 1369 gantur,
631 1287 731 1368 atqne
768 1271 803 1338 in
838 1271 927 1339 trino
972 1281 1140 1338 contractu
1180 1267 1288 1338 labem
1336 1283 1536 1364 opponunt,

455 1388 489 1442 ct
543 1371 659 1439 sitium
707 1392 880 1438 usurarum
923 1391 1066 1462 eumque
1109 1390 1128 1434 a
1170 1363 1262 1437 Sixto
1309 1365 1536 1462 improbatum

458 1467 626 1540 affirmant
654 1465 721 1563 (4).

496 1639 540 1720 (tl
560 1637 753 1700 Commorim
776 1655 844 1698 eor.
869 1632 958 1696 resol.
984 1633 1035 1698 lib.
1065 1637 1083 1696 5
1110 1653 1177 1718 cop.
1200 1637 1220 1696 2
1246 1653 1332 1696 ιιιιιιι.
1357 1637 1393 1712 33
1420 1636 1540 1698 lsoesins

458 1721 495 1784 de
506 1721 586 1804 just.
607 1717 658 1782 lib.
685 1722 792 1800 tcop.
811 1720 851 1782 25
873 1716 945 1778 deb.
967 1719 986 1778 5
1011 1736 1098 1780 aem.
1118 1719 1176 1793 243
1197 1718 1300 1780 Gsrcia
1324 1715 1359 1778 dc
1386 1727 1538 1782 cesenat.

454 1801 821 1948 dilinibiitfli·
836 1797 1227 1964 iiiiiiiii‘tiiili·
1246 1797 1328 1882 ⁰¹⁵³P·
1348 1801 1387 1862 ³⁰
1407 1809 1477 1862 ⁸⁶⁶¹·
1497 1804 1538 1877 ⁴³

749 1927 756 1942 .
816 1926 823 1942 .
926 1927 934 1941 .
1031 1924 1039 1940 .
1078 1925 1087 1957 ,
1215 1925 1222 1941 .

498 1967 540 2047 (ἢ)
562 1966 653 2044 Ajunt
668 1965 764 2040 enirn,
783 1964 897 2025 cardin.
921 1964 1056 2025 Toletum
1078 1970 1108 2024 et
1130 1967 1160 2026 S.
1185 1965 1349 2040 Severinoe,
1376 1966 1427 2041 qni
1449 1965 1539 2042 jussu

456 2047 608 2110 Pontiiieis
630 2046 869 2106 constitutionem
892 2053 1066 2120 exorarunt,
1097 2051 1217 2106 testatos
1237 2047 1342 2113 inisse.
1370 2047 1485 2107 Sixtnm
1509 2049 1540 2108 V

456 2139 573 2189 tantum
591 2128 733 2189 damnare
746 2127 872 2188 voluisse
886 2129 1051 2206 pactiones,
1066 2144 1133 2206 qnae
1148 2127 1256 2204 iniquae
1276 2134 1388 2198 essent,
1411 2145 1542 2205 quasque

457 2228 562 2270 usuras
576 2211 778 2284 continerent,
801 2227 860 2269 non
881 2209 952 2268 item
972 2227 1035 2276 eas,
1057 2227 1123 2284 qnae
1143 2208 1224 2268 omni
1245 2226 1343 2269 usurae
1358 2209 1428 2270 vitio
1453 2227 1540 2269 cere

455 2301 540 2364 rent,
553 2291 597 2350 nti
612 2298 712 2351 narrat
724 2291 884 2351 Comitolns
898 2307 1031 2370 respons.
1046 2286 1155 2349 merul.
1171 2285 1222 2350 tlt.
1236 2291 1255 2351 5
1269 2309 1321 2373 qo.
1341 2292 1379 2350 tt
1399 2309 1483 2351 neem.
1502 2293 1538 2351 4.

497 2371 539 2451 (ὅ)
561 2375 685 2433 Genctto
700 2368 765 2430 tleeo
817 2368 952 2431 morel.
977 2379 1048 2430 tom.
1066 2375 1080 2430 t
1104 2378 1192 2431 tract.
1213 2374 1233 2431 t
1258 2389 1325 2452 cop.
1344 2374 1399 2446 ¹43
1426 2373 1543 2434 Natalis

456 2453 624 2515 Alexander
640 2448 763 2532 steatoq.
877 2459 919 2512 ot.
941 2459 970 2511 et
985 2449 1095 2512 morel.
1113 2460 1183 2513 tom.
1205 2449 1292 2514 stit.
1317 2455 1335 2514 5
1358 2473 1382 2516 e.
1400 2456 1417 2514 7
1441 2457 1540 2514 ared

458 2532 555 2616 requi.
581 2535 637 2608 233
657 2541 759 2593 auctor
779 2531 998 2595 dissertationis
1025 2531 1166 2614 Luqduni
1188 2531 1274 2595 editoe
1292 2554 1344 2596 un.
1376 2538 1468 2612 1675,
1500 2535 1543 2597 de

459 2612 605 2678 usuraria
629 2614 724 2675 trium
741 2622 949 2676 contractarum
967 2614 1134 2696 pravitate5
1155 2616 1291 2677 Aurelius
1305 2617 1399 2678 Piette
1422 2625 1493 2676 tom.
1519 2619 1542 2679 t

458 2697 493 2757 de
514 2703 658 2758 eontract.
678 2713 731 2778 qu.
757 2698 777 2755 l
799 2692 826 2776 §
854 2697 888 2772 23
915 2695 1086 2757 Sambovins
1111 2716 1173 2757 cus.
1203 2699 1261 2758 tet
1288 2705 1359 2758 tom.
1384 2700 1403 2757 2
1430 2695 1542 2773 rosel,-

457 2787 560 2840 snctor
582 2774 734 2859 theoloyioe
750 2774 876 2839 moralis
898 2776 938 2839 od
959 2796 1049 2840 usum
1066 2779 1210 2840 seminar.
1226 2785 1412 2861 petrocoren.
1429 2787 1500 2840 mm.
1521 2783 1545 2841 2

458 2858 511 2922 lib.
535 2863 640 2943 deep.
668 2862 704 2934 ὃς
725 2861 851 2920 Antoine
869 2870 939 2921 tom.
963 2864 983 2921 t
1004 2868 1090 2921 tract.
1115 2859 1151 2922 de
1174 2868 1270 2921 miste.
1289 2880 1355 2942 cap.
1377 2864 1395 2923 8
1420 2880 1473 2945 qu.
1500 2864 1542 2937 ὃς

457 2943 644 3004 continuator
658 2941 838 3021 praelection.
855 2943 1005 3019 Tonrnely
1019 2960 1089 3023 per.
1108 2945 1126 3002 2
1147 2940 1183 3003 de
1198 2952 1339 3003 contrect.
1356 2962 1422 3023 cop.
1438 2946 1458 3005 l
1473 2954 1541 3005 ort.

461 3028 495 3098 13
521 3025 649 3087 Coccina
673 3043 770 3087 usura
795 3030 963 3084 contrectes
989 3022 1064 3083 trini
1088 3022 1343 3086 dissertationibus
1381 3022 1543 3086 teroem-

459 3104 584 3190 tlreoloq.
603 3105 819 3167 demonstrato.

499 3188 541 3269 (t)
563 3192 628 3251 Non
644 3188 724 3247 enim
739 3187 786 3248 his
799 3186 942 3247 credibile
955 3186 1088 3260 videtur,
1106 3186 1221 3248 sixtum
1233 3190 1276 3263 V,
1292 3187 1344 3265 qui
1362 3205 1425 3247 enrn
1441 3186 1542 3249 edidit

458 3270 713 3342 constitutionem,
741 3277 775 3328 ut
802 3268 1030 3329 controversiam
1054 3268 1223 3344 dirimeret,
1250 3288 1317 3347 quaa
1342 3270 1420 3329 inter
1433 3270 1544 3331 Sotum

458 3358 489 3411 et
508 3352 673 3411 Neroneum
696 3348 847 3424 fervebat,
872 3348 948 3410 hsnc
973 3352 1165 3427 questionem
1187 3352 1219 3411 in
1246 3351 1343 3412 madio
1368 3350 1545 3429 relinquere

459 3449 491 3490 nc
505 3448 543 3491 ne
556 3431 703 3510 attingere
715 3429 836 3508 quidem
852 3430 988 3491 voluisse.

418 3644 425 3657 ·
507 3598 538 3699 i.
573 3597 716 3671 XXXV.
747 3598 846 3671 Certe
889 3602 993 3670 trinus
1028 3601 1081 3673 hic
1117 3619 1301 3674 contractus
1336 3601 1452 3699 plenus
1489 3620 1544 3675 est

457 3694 610 3795 periculi,
646 3723 755 3795 neque
791 3714 879 3769 caret
911 3724 1017 3770 nsurae
1057 3702 1256 3797 suspicione:
1288 3700 1428 3796 ideoque
1472 3724 1544 3797 op-

460 3794 596 3867 tandum
635 3797 774 3865 maxime
807 3812 877 3885 est,
919 3812 955 3866 nt
992 3798 1033 3867 ab
1078 3823 1116 3870 eo
1155 3824 1222 3869 sese
1253 3796 1401 3868 homines
1433 3795 1546 3867 absti-

459 3892 657 3988 neant(1).
696 3892 822 3963 Verum
846 3919 923 3965 cum
950 3920 1026 3965 enm
1055 3895 1202 3965 nondum
1232 3896 1324 3967 sedes
1357 3892 1546 3990 Apostolica

459 4016 607 4089 expresse
648 3990 873 4080 damnaverit,
903 3990 958 4063 ille
990 3995 1107 4088 passim
1135 3995 1255 4083 initur,
1280 4008 1379 4088 atque
1406 3994 1441 4063 in
1466 3993 1544 4066 toro

458 4105 593 4160 externo
625 4089 690 4159 rim
732 4106 766 4159 et
802 4090 926 4159 exitum
962 4088 1071 4159 hebet.
1115 4088 1212 4162 Forte
1251 4094 1286 4159 in
1320 4089 1445 4187 judicio
1481 4094 1545 4186 qui

459 4190 632 4279 pecuniam
668 4186 709 4258 ab
748 4185 849 4259 altero
880 4189 1027 4282 occepit,
1061 4212 1116 4257 sua
1151 4202 1268 4283 sponte
1301 4204 1335 4258 et
1370 4186 1546 4259 voluntate
