3575 5625
895 641 1090 712 -.18-

457 791 576 856 dissert.
601 793 654 869 lu,
672 795 771 854 lnnoc.
799 793 840 853 lll
858 808 905 872 cp.
930 793 989 853 lut
1013 789 1063 854 lib.
1082 793 1121 853 lt
1143 798 1215 852 tom.
1235 791 1343 872 tpeq.
1365 790 1424 852 566
1449 786 1521 852 edit.

454 873 578 938 baluzii
591 875 687 942 losa,
703 874 820 934 clericos
837 874 868 933 in
881 875 970 934 sacris
984 873 1138 936 ordinibus
1151 873 1323 934 constitutos
1337 871 1443 933 notarii
1458 891 1525 934 mu·

454 975 510 1018 nus
525 957 617 1018 vetuit
635 973 784 1032 exercere,
800 955 879 1033 quod
896 974 964 1016 cum
981 956 1123 1018 dedecore
1138 955 1251 1016 ordinis
1265 955 1449 1015 ecclesiastici
1465 973 1525 1017 see-

455 1039 545 1100 culnri
557 1039 645 1099 curiae
658 1039 802 1098 servirent
820 1045 908 1116 atque
930 1038 962 1097 in
973 1038 1101 1117 profanis
1116 1037 1239 1118 negotiis
1249 1045 1446 1098 versarentur.
1463 1035 1526 1099 Sed

455 1119 662 1183 Thomassinus
676 1117 730 1180 loc.
747 1118 796 1180 cit.
811 1137 845 1180 u.
864 1120 884 1179 8
889 1165 900 1196 ‚
917 1120 1097 1200 simplicibus
1112 1120 1226 1180 clericis
1239 1138 1399 1198 numquam
1414 1119 1524 1180 notarii

455 1201 584 1264 officium
600 1203 722 1262 vetitum
741 1201 829 1262 luisse
847 1202 1013 1278 contendit,
1028 1201 1088 1263 imo
1100 1220 1138 1263 ne
1152 1202 1223 1280 ipsis
1235 1200 1355 1280 quidem
1369 1200 1527 1281 presbyte-

454 1285 511 1360 ris,
525 1303 592 1345 cum
604 1283 642 1344 de
663 1283 861 1344 ecclesiasticis
878 1283 968 1344 rebus
984 1293 1131 1364 ageretur.
1148 1287 1234 1345 Certe
1252 1283 1283 1344 in
1301 1283 1430 1362 profanis
1447 1300 1527 1362 quo-

453 1385 511 1446 que
524 1367 648 1448 negotiis
661 1365 767 1427 notarii
781 1365 979 1442 ecclesiastici,
997 1366 1077 1446 quod
1091 1366 1159 1446 plus
1171 1364 1241 1425 fidei
1259 1373 1289 1425 et
1304 1365 1417 1446 peritiae
1430 1363 1526 1426 babe-

454 1455 537 1525 rent,
561 1449 718 1527 sepissime
735 1447 870 1508 adbiberi
887 1447 1037 1525 solebant3
1063 1455 1093 1509 et
1116 1447 1187 1508 binc
1208 1448 1308 1526 plures
1328 1466 1436 1523 musae,
1455 1466 1525 1526 qum

453 1539 574 1610 propter
595 1547 658 1590 rem
677 1531 786 1609 ipsam,
809 1539 858 1590 aut
880 1548 1018 1610 personas
1039 1530 1103 1591 laici
1124 1530 1281 1590 tribunalis
1300 1530 1427 1608 propriae
1447 1530 1526 1590 fuis·

457 1621 538 1690 sent,
554 1612 685 1674 aludice
699 1611 890 1675 ecclesiastico
909 1612 1168 1693 cognoscebantur.
1191 1611 1328 1691 synodus
1347 1611 1525 1673 Tridentino

455 1711 521 1776 cop.
548 1697 588 1756 10
607 1692 782 1756 reseruata
800 1692 923 1777 resono.
945 1713 1012 1756 cum
1030 1694 1292 1772 animadverteret,
1314 1693 1394 1773 quod
1417 1712 1453 1754 ex
1474 1711 1529 1754 no·

456 1776 599 1838 lariorum
620 1775 767 1855 imperitia
787 1775 914 1855 plurima
940 1778 1046 1838 damna
1071 1785 1101 1838 ct
1115 1776 1276 1838 multarum
1299 1776 1410 1836 occasio
1423 1774 1525 1836 litium

455 1859 707 1935 orietur‚statuit,
718 1866 753 1918 ut
770 1883 783 1912 ιι
794 1861 887 1920 Possit
893 1859 1245 1938 episcopusquoscumque
1257 1859 1402 1934 notarios,
1412 1857 1527 1918 etiamsi

454 1941 621 2019 apostolica,
636 1940 794 2017 imperiali,
813 1949 864 2000 eut
886 1940 967 2020 regia
990 1941 1162 2000 auctoritate
1185 1940 1273 2000 creati
1293 1940 1419 2011 fuerint,
1435 1939 1527 2000 otiam

454 2029 603 2099 tamquam
634 2019 783 2102 delegatus
796 2020 887 2084 medis
911 2021 1099 2100 spostolicae,
1133 2021 1346 2083 examinatione
1371 2021 1522 2098 adbibita,

456 2120 558 2162 eorum
581 2101 784 2163 sufficientiam
798 2102 938 2176 scrutari,
957 2102 1073 2180 illisque
1094 2120 1154 2164 non
1169 2102 1283 2164 idoneis
1304 2105 1446 2183 repertis,
1472 2113 1524 2165 aut

455 2184 697 2263 quandocumque
711 2184 742 2244 in
762 2181 858 2244 ollicio
875 2183 1128 2264 delinquentibus,
1145 2184 1233 2248 officii
1248 2185 1312 2265 ejus
1328 2187 1360 2246 in
1377 2186 1521 2268 negotiis,

456 2265 557 2328 litibus
589 2275 619 2328 et
638 2267 731 2328 causis
752 2265 950 2328 ecclesiasticis
971 2285 1005 2328 ac
1030 2267 1231 2346 spiritualibus
1252 2269 1407 2329 exercendi
1432 2285 1521 2328 usum

453 2347 1521 2509 ἕῖεζῗίἳῧοῗιῖξηἃένάὦᾝηέυεῇῗιῗίιὲῗ’1)ῗῇῗίαὲοὲἓίνῖξὲὲῇ

458 2515 527 2575 lllV
546 2516 645 2575 Conot.
666 2511 713 2574 Ad
725 2509 884 2574 militantia
897 2515 938 2573 ts
955 2511 982 2596 §.
1000 2513 1039 2575 35
1056 2520 1126 2575 tom.
1145 2516 1160 2575 l
1181 2513 1247 2597 ejus
1260 2511 1372 2576 bullar.
1389 2533 1463 2597 pop.
1483 2515 1524 2575 bl

459 2593 530 2656 edit.
544 2597 630 2658 llom.
646 2613 699 2656 scu
716 2596 817 2656 Vertat.
836 2595 926 2656 17111.

506 2735 536 2838 3.
565 2737 656 2809 vlll.
687 2739 736 2810 Ex
766 2738 816 2810 his
848 2756 977 2831 eutem,
1009 2765 1088 2838 quas
1118 2737 1289 2837 descripsi,
1320 2742 1422 2813 causis
1454 2742 1524 2839 spi·

459 2836 626 2909 ritualibus
667 2836 818 2935 quaedam
861 2840 998 2937 majores
1041 2841 1266 2935 gravioresque
1299 2855 1396 2929 sunt,
1464 2867 1524 2910 ua·
1571 2890 1576 2897 ·

459 2960 534 3006 rum
553 2935 716 3033 judicium
749 2960 876 3008 summo
906 2935 1059 3008 Pontifici
1088 2953 1250 3009 serratum
1275 2952 1324 3008 est
1350 2937 1418 3034 (l)
1438 2866 1526 3008 dlu-

453 3033 599 3131 jusmodi
643 3050 720 3105 sunt
761 3040 987 3107 controversie
1021 3034 1063 3107 de
1109 3034 1197 3125 fide,
1236 3060 1352 3132 resque
1392 3060 1522 3126 omnes,

459 3156 533 3229 qnae
569 3130 611 3204 ad
660 3132 882 3232 disciplinam,
941 3148 1128 3230 rectumque
1174 3131 1443 3229 gubernationem
1492 3151 1526 3205 et

457 3245 577 3301 statum
620 3234 788 3329 pertinent
824 3230 967 3303 ecclesiae
1009 3234 1178 3302 universae.
1206 3231 1300 3305 Non·
1326 3233 1414 3302 enim
1460 3257 1526 3303 una

460 3328 611 3398 omuibus
646 3328 729 3399 fides
769 3354 836 3401 esse
869 3345 978 3426 potest
1007 3332 1076 3399 sine
1110 3329 1236 3425 judicio
1266 3344 1300 3399 et
1335 3332 1526 3402 auctoritate

462 3426 551 3519 ejus,
595 3451 694 3521 quem
735 3424 881 3497 Christus
923 3430 1055 3497 unitatis
1097 3445 1248 3499 centrum
1288 3430 1456 3500 constituit
1492 3444 1526 3499 et

461 3548 479 3592 a
516 3547 582 3619 quo
615 3522 774 3621 disjuncta
817 3524 958 3597 ecclesiae
995 3525 1142 3597 membra
1172 3525 1385 3622 copulantur3
1415 3552 1523 3625 neque

461 3618 541 3690 alius
588 3644 701 3715 cogere
737 3647 849 3694 omnes
893 3636 1000 3721 potest
1036 3622 1078 3694 ad
1123 3623 1272 3696 eamdem
1322 3623 1525 3723 disciplinam

461 3732 648 3814 certamque
695 3718 1026 3812 administrationem,
1079 3724 1140 3793 nisi
1191 3724 1249 3821 qui
1283 3724 1343 3795 toti
1386 3724 1527 3796 ecelesiae

462 3818 653 3915 praepositus
682 3833 743 3910 est,
767 3836 801 3889 et
821 3820 857 3891 in
881 3843 995 3891 omnes
1016 3819 1115 3891 habet
1128 3820 1400 3919 jurisdictionem.

502 3990 545 4073 (l)
564 3995 608 4053 De
623 3991 781 4072 majoribus
800 3992 920 4070 quidem
932 3995 1041 4071 causis,
1056 4014 1122 4074 qum
1134 4012 1250 4075 semper
1262 3995 1433 4075 Apostolicae
1448 3994 1527 4057 sedis

459 4070 570 4153 judicio
589 4082 742 4135 reservate
755 4075 890 4155 luerunt,
913 4077 1067 4138 innumera
1088 4078 1332 4139 suntteetimouia
1348 4086 1379 4138 et
1396 4077 1527 4158 antiqui·

464 4158 531 4218 tatis
541 4165 739 4218 monumenta.
756 4158 843 4220 lllulta
856 4176 889 4220 ea
904 4158 941 4219 de
951 4178 985 4221 re
995 4158 1056 4221 dixi
1068 4156 1091 4221 1.
1107 4162 1120 4220 1
1136 4160 1182 4221 tit.
1196 4163 1214 4222 5
1229 4166 1296 4223 sect.
1314 4157 1526 4240 1316111111

465 4242 487 4298 t.
506 4241 519 4298 1
535 4258 567 4321 p.
586 4240 655 4301 1111.
671 4237 784 4302 Addam
805 4259 883 4303 nunc
898 4244 1018 4304 Petrum
1035 4241 1205 4325 chrysolog.
1221 4260 1267 4325 ep.
1281 4243 1320 4303 25
1339 4240 1380 4303 od
1393 4238 1525 4325 Botycb.
