3575 5625
705 581 928 650 -599-

272 737 354 813 hugo
372 729 409 792 de
423 729 494 790 cirt.
510 725 588 810 disp.
612 730 652 788 22
670 738 740 790 sect.
760 732 773 791 l
792 749 877 790 nam.
900 735 933 805 l,
956 728 1036 789 cord.
1061 731 1178 790 Petrum
1199 723 1243 786 cci
1256 733 1348 786 const.

272 811 433 896 Apostolic.
458 821 528 872 mm.
545 813 564 870 3
586 829 671 872 nuru.
687 813 725 872 39
736 831 809 894 pap.
837 814 911 888 ¹833
928 817 1082 872 Amortum
1102 806 1225 890 tdeoiop.
1242 805 1352 868 rnorci.

273 906 345 956 tum.
373 898 493 955 ttraet.
520 895 538 953 3
560 901 632 954 sect.
656 891 716 974 28.
734 895 769 968 ‘23
789 892 980 954 Ballerinium
997 892 1030 952 in
1053 899 1113 952 not.
1142 889 1182 951 cd
1207 892 1240 950 S.
1260 891 1354 950 Anto-

274 977 383 1038 ninum
399 972 451 1036 lid.
476 983 504 1034 et
528 971 599 1034 edit.
623 973 674 1034 cit.
704 972 759 1036 col.
788 977 869 1035 rtlr
898 983 927 1034 et
950 991 1011 1056 seq.
1029 976 1067 1033 Αι
1092 975 1172 1032 cuim
1196 971 1263 1031 dne
1283 977 1353 1030 sunt

273 1059 406 1137 ejusdem
427 1055 546 1118 ldnrtini
569 1055 808 1132 constitutiones,
828 1056 920 1116 altera
940 1059 976 1116 In
995 1053 1149 1128 eminenti,
1177 1071 1243 1130 que
1260 1060 1354 1112 exstat

273 1141 352 1218 apud
368 1138 517 1199 labbeum
537 1145 607 1197 nm.
630 1140 670 1198 ld
683 1155 763 1199 eone.
782 1135 837 1198 eol.
856 1140 932 1212 768,
956 1137 1090 1197 etaltera
1109 1138 1192 1195 Inter
1214 1142 1352 1207 cunctos,

272 1240 341 1300 que
354 1220 392 1280 ah
414 1219 519 1280 eodem
538 1219 652 1279 labbeo
667 1219 811 1298 descripta
826 1228 871 1280 est
885 1217 940 1280 loe.
957 1219 1006 1280 eit.
1023 1215 1079 1279 col.
1105 1217 1182 1290 756,
1197 1223 1226 1274 et
1249 1216 1278 1274 in
1306 1213 1354 1274 his

274 1303 396 1381 quidem
411 1301 670 1362 constitutionibus
680 1302 776 1362 omnis
794 1301 914 1362 videtur
933 1319 1000 1360 cum
1015 1298 1160 1360 hereticis
1173 1295 1261 1356 vetita
1274 1313 1355 1354 ccm-

273 1385 447 1444 munieatio.
469 1381 551 1444 ldem
570 1401 688 1462 quoque
711 1401 728 1442 a
752 1383 878 1443 ldartino
901 1385 928 1443 V
947 1381 1098 1442 decretum
1118 1387 1162 1440 cst
1180 1379 1210 1438 in
1233 1375 1354 1438 concilio

274 1466 397 1527 Senensi
421 1484 470 1524 66.
489 1465 568 1524 1423
593 1464 671 1541 apud
685 1463 833 1525 thheum
848 1474 919 1524 tom.
945 1466 982 1525 ll
997 1459 1102 1524 concil.
1116 1458 1170 1522 coi.
1188 1461 1250 1534 96,
1267 1466 1355 1536 atque

276 1545 400 1607 al‘aulo
422 1549 462 1607 lV
487 1544 521 1604 in
541 1554 635 1606 const.
658 1548 734 1606 Cum
754 1565 793 1606 ee
814 1543 998 1628 apostolatus
1023 1546 1061 1606 27
1086 1552 1156 1605 tom.
1184 1546 1307 1622 spart.
1336 1543 1350 1602 l

272 1647 346 1710 paq.
363 1629 424 1689 666
446 1624 559 1688 heller.
574 1628 703 1688 Roman.
720 1630 831 1689 Verum
846 1632 1023 1688 recentiores
1043 1625 1088 1686 he
1114 1624 1352 1698 constitutiones,

274 1710 384 1786 quihus
398 1709 514 1769 ldartini
535 1711 562 1769 V
580 1709 782 1770 constitutioni
804 1707 851 1769 Ad
865 1707 1009 1771 evitando
1031 1708 1203 1786 derogatum
1220 1704 1353 1778 ridetur,

275 1790 351 1850 nihil
372 1791 505 1865 ohstnm,
528 1791 683 1867 quoniam,
707 1797 740 1850 ut
760 1798 884 1851 testatur
904 1789 1078 1852 Benedictus
1103 1791 1171 1851 xlv
1196 1786 1232 1848 de
1245 1783 1353 1869 synod.

275 1870 391 1933 dicaces.
408 1869 457 1932 lib.
473 1874 493 1932 6
507 1889 574 1952 cop.
592 1874 609 1933 5
624 1891 710 1933 num.
727 1874 761 1949 2,
785 1873 888 1933 eadem
904 1872 1072 1932 constitutio
1093 1896 1106 1925 a
1123 1875 1157 1932 ln
1171 1888 1224 1929 suo
1239 1883 1354 1944 semper

275 1953 568 2096 ttrztt‘lllll
579 1972 661 2114 dd
674 1949 1355 2114 tlt'lltlzrtllttrllittlllllllle

275 2117 431 2193 eminenti,
447 2125 478 2177 et
491 2120 576 2178 Intm
594 2125 718 2178 cunetas
730 2117 911 2196 antiquiores
924 2125 993 2178 sunt
1017 2116 1215 2196 extravaganti
1230 2111 1279 2177 Act
1291 2111 1354 2172 eoi-

277 2197 385 2274 moda,
401 2206 431 2258 et
455 2197 523 2259 ideo
544 2199 701 2260 recentiori
719 2199 929 2261 constitutione
946 2199 994 2280 jus
1016 2197 1261 2276 comprehensum
1275 2194 1354 2254 anti·

276 2280 446 2358 quiorihus,
461 2280 486 2340 si
509 2279 584 2342 lorte
602 2281 714 2356 ohstat,
735 2280 868 2342 emedio
889 2281 1036 2342 sublatum
1051 2287 1106 2341 est.
1123 2283 1307 2356 Quamquam
1329 2276 1354 2336 si

274 2369 356 2423 recte
385 2361 569 2441 expendatur
597 2364 768 2424 constitutio
798 2367 834 2425 In
862 2363 1005 2424 eminenti
1033 2361 1150 2426 ldartini
1167 2363 1206 2436 V,
1223 2379 1256 2421 ea
1279 2359 1356 2419 sorte

274 2445 406 2521 pertinet
428 2444 466 2504 66
490 2443 571 2520 illos,
588 2446 640 2523 qui
663 2444 870 2507 hereticorum
894 2464 1030 2508 errorum
1043 2444 1199 2524 participes
1222 2441 1351 2513 inerint,

275 2532 329 2586 aut
348 2533 428 2586 vetat
450 2526 688 2588 communionem
708 2545 777 2588 cum
790 2526 952 2600 hereticis,
968 2528 1018 2606 qui
1034 2527 1077 2588 uti
1100 2525 1171 2586 tales
1185 2521 1351 2585 denuntiati

276 2613 349 2667 aunt
361 2607 439 2684 apud
460 2607 590 2686 judices,
608 2607 705 2686 quiin
720 2627 785 2668 eam
809 2627 873 2670 rem
888 2610 1040 2688 inquirere
1057 2605 1212 2687 jubentur.
1242 2604 1353 2666 Eodem

276 2689 368 2748 etiam
382 2687 530 2749 decretum
553 2690 668 2751 concilii
685 2690 839 2766 Senensis,
861 2699 891 2752 ει
905 2691 1073 2752 constitutio
1095 2688 1176 2749 Pauli
1194 2690 1232 2748 lV
1248 2683 1354 2746 rcierri

276 2769 430 2832 commode
447 2780 581 2850 possum.
604 2771 712 2834 llirum
734 2790 803 2833 vero
827 2790 887 2835 non
912 2780 971 2850 est,
994 2772 1073 2851 6666
1096 2769 1127 2831 in
1149 2768 1267 2831 Martini
1282 2783 1353 2829 con·

276 2853 431 2914 stitutione
452 2856 536 2915 Inter
548 2862 671 2916 cunetas
684 2853 816 2917 heretici
835 2855 866 2915 in
881 2855 1009 2915 ecclesiis
1029 2852 1239 2915 catholicorum
1254 2848 1354 2929 sepul-

276 2942 374 2995 turam
387 2934 496 2995 habere
509 2935 738 3014 prohibeantur,
756 2954 853 3014 neque
866 2955 935 2997 vero
950 2936 1028 2996 effici
1049 2952 1134 2995 exeo
1149 2940 1258 3011 potest,
1275 2929 1355 3009 6666

277 3024 311 3076 nt
333 3016 468 3077 catholici
488 3019 685 3096 sepulturam,
713 3019 754 3079 ita
778 3018 946 3079 societatem
969 3024 998 3078 et
1021 3015 1259 3077 communionem
1284 3030 1352 3071 cum

277 3097 424 3159 hereticis
444 3098 554 3160 habere
573 3107 732 3178 nequeant.
756 3102 830 3162 Nam
858 3100 926 3175 illu,
955 3118 1020 3177 que
1039 3095 1189 3157 catholicis
1214 3094 1355 3173 permisso

277 3188 338 3255 est,
356 3181 581 3243 communicatio
601 3201 669 3243 cnm
681 3181 828 3243 hereticis
840 3182 904 3241 sine
927 3188 1007 3241 metu
1028 3174 1353 3249 excommunicationis,

277 3260 464 3323 commodum
488 3264 608 3341 repicit
620 3271 650 3324 et
671 3264 828 3325 utilitatem
844 3263 1073 3339 catholicorum,
1086 3261 1137 3339 qui
1154 3258 1270 3321 liberati
1284 3266 1355 3317 sunt

278 3362 294 3401 a
317 3350 413 3417 metu,
435 3362 495 3422 666
521 3345 720 3423 tenebantur,
749 3345 958 3407 contrahende
981 3340 1304 3415 excommunicationis,
1330 3340 1355 3401 si

278 3442 346 3484 cnm
374 3424 521 3485 hereticis
549 3427 606 3501 ita,
633 3434 778 3505 utsupra
802 3430 921 3505 monui,
950 3426 1211 3488 communicarent.
1242 3425 1356 3484 Verum

278 3504 428 3584 sepultura
448 3507 640 3569 ecclesiastica
661 3508 741 3569 cedit
763 3510 794 3569 in
816 3508 1003 3571 commodum
1031 3508 1238 3571 hereticorum
1266 3512 1355 3583 6ι66ε

278 3588 310 3647 iu
324 3587 451 3649 dedecus
473 3589 618 3667 ecclesie,
642 3597 672 3649 et
686 3590 754 3653 ideo
767 3592 857 3652 vetita
881 3591 1027 3653 hereticis
1052 3590 1242 3651 ecclesiastica
1255 3587 1356 3666 scpul-

279 3678 346 3729 tnra
360 3679 534 3750 argumento
548 3690 610 3733 csse
624 3689 683 3731 non
698 3678 810 3750 potest,
824 3673 905 3752 6666
925 3674 1014 3737 etiem
1028 3672 1178 3734 catholicis
1192 3669 1248 3731 suh
1268 3687 1353 3749 poena

279 3751 585 3815 excommunicationis
603 3753 692 3813 vetita
708 3752 747 3813 sit
763 3772 830 3815 cum
849 3754 995 3817 hereticis
1016 3754 1251 3817 communicatio.
1267 3755 1355 3814 Com-

278 3832 463 3911 preheodam
483 3835 593 3911 paucis.
617 3834 793 3897 constitutio
811 3834 861 3897 Ad
883 3833 1023 3899 evitando
1041 3836 1098 3898 hoc
1118 3835 1207 3897 hahet
1224 3832 1356 3911 proposi·

279 3922 360 3992 tum,
382 3922 417 3975 ut
429 3915 580 3991 catholici,
602 3917 653 3994 qni
678 3918 896 3978 communicant
914 3938 981 3980 cum
1003 3918 1150 3981 hereticis
1177 3912 1351 3975 nominatim

273 4013 338 4055 nou
353 3998 624 4074 excommunicatis,
648 4016 767 4058 omnem
784 3998 904 4081 abigant
923 3998 1131 4061 contrahendae
1152 3994 1352 4055 excommnni-

277 4076 401 4137 cationis
413 4085 537 4139 metum.
553 4082 626 4141 cum
639 4078 696 4141 hoc
709 4097 779 4141 vero
799 4081 873 4158 quid
887 4080 976 4145 hahet
997 4096 1152 4146 commune
1163 4075 1353 4139 ecelesiastica

278 4159 447 4239 sepultura,
459 4178 477 4221 6
487 4179 545 4243 666
559 4160 690 4224 heretici
704 4161 917 4243 repelluntur?
