3575 5625
680 614 901 686 -959-

292 764 334 845 (l)
358 768 430 847 Cap.
458 765 477 825 9
500 762 536 825 de
560 761 661 826 litaret.
689 763 765 827 Vide
790 765 877 825 etiem
906 766 1085 847 cyprianum
1114 766 1199 849 epist.
1230 770 1269 829 59
1294 767 1335 828 art

251 849 399 929 Mopsum
408 864 482 929 pop.
500 848 559 906 296
575 844 646 907 edit.
663 842 878 908 Auutclodomi
890 844 984 907 1⁷00.

290 928 332 1008 (ἢ)
357 930 432 989 Con.
448 930 483 989 ἓ(
509 930 620 989 caus.l
639 948 692 1013 qu.
710 930 747 1003 ⁷3
766 944 832 989 con.
852 927 907 1003 1⁷3
922 945 991 990 cau.
1004 929 1023 987 6
1037 946 1090 1011 qu.
1108 932 1142 1007 (ς
1158 948 1224 1011 cop.
1241 930 1332 1013 2§.2

253 1008 288 1071 de
302 1008 431 1072 iteretis.
448 1010 482 1070 in
493 1010 523 1070 6.

291 1091 334 1169 (5)
357 1094 431 1173 Cup.
450 1088 694 1153 scortentur
709 1092 740 1152 6.

292 1174 335 1254 (l)
359 1175 432 1256 Cap.
446 1176 464 1235 9
476 1172 512 1235 dc
527 1170 628 1234 ltoeret.
642 1170 684 1253 (tt)
706 1176 781 1255 Cup.
797 1174 815 1233 8
831 1171 897 1235 eod.

301 1325 333 1427 §.
366 1327 426 1399 Xl.
470 1327 625 1399 Civilibus
660 1353 792 1427 quoque
829 1326 958 1425 legibus
991 1326 1106 1398 multae
1135 1330 1171 1398 in
1204 1328 1332 1403 baereti-

250 1449 306 1495 cos
340 1450 445 1525 poeuae
478 1425 610 1499 indicta
638 1442 732 1516 sunt,
760 1452 834 1523 quas
860 1442 972 1497 tamen
1004 1426 1039 1495 in
1067 1427 1207 1526 cujusvis
1233 1446 1330 1503 sectae

251 1518 419 1597 haereticos
453 1550 522 1596 non
558 1549 673 1597 omnes
706 1522 840 1595 cadunt.
879 1520 1000 1596 Cuncti
1032 1527 1214 1619 generatim
1253 1529 1333 1597 inla-

252 1622 317 1691 mia
349 1636 506 1695 notantur
545 1638 578 1695 et
627 1622 662 1692 in
692 1623 838 1719 quemvis
878 1620 1046 1694 bominem
1083 1622 1144 1693 sibi
1188 1626 1333 1698 criminis

252 1720 404 1791 societate
443 1720 658 1819 conjunctum
701 1733 934 1791 testamentum
975 1718 1137 1809 condere,
1178 1737 1235 1792 aut
1266 1722 1332 1797 do·

253 1820 419 1889 nationem
450 1817 621 1907 conferre,
658 1832 757 1914 atque
786 1818 846 1913 ipsi
891 1812 1019 1915 aliquid
1052 1842 1092 1889 ex
1129 1817 1235 1891 alieno
1267 1837 1334 1893 tes-

253 1926 420 2004 umento,
456 1930 513 1986 aut
559 1915 737 1986 donatione
776 1939 892 2081 capere
933 1912 1162 2012 prohibentur.
1202 1914 1331 1989 Praete·

253 2037 304 2085 res
321 2038 437 2085 eorum
454 2012 539 2084 bona
556 2012 765 2109 publicantur
790 2012 804 2107 (
829 2011 864 2107 )‚
890 2014 1019 2110 ipsique
1039 2005 1236 2108 pecuniarioe
1253 2014 1328 2111 (⁴2),

252 2109 372 2207 aliique
433 2109 594 2181 similibus
641 2112 747 2206 poeuis
794 2107 955 2195 subsunt3
1005 2111 1087 2207 quin
1144 2113 1242 2183 etiam
1275 2114 1331 2211 jus

253 2208 440 2281 Romanum
477 2206 643 2279 haereticos
678 2204 858 2277 nonnullos
894 2206 1010 2281 ultimo
1046 2204 1205 2305 supplicio
1252 2211 1330 2281 affi-
1374 2284 1379 2293 ,

251 2308 314 2393 cit,
366 2304 477 2401 quales
515 2320 593 2375 sunt
638 2306 827 2393 encratitae,
870 2302 1056 2400 saocopbori
1093 2320 1127 2375 et
1167 2304 1331 2405 hydropa·

251 2416 404 2490 testatae,
437 2404 494 2498 qui
538 2424 653 2473 omnes
683 2400 939 2473 manichmorum
972 2404 1135 2475 erroribus
1168 2407 1329 2502 inquinati

251 2515 349 2570 erunt
379 2498 453 2595 (5);
485 2502 564 2569 item
593 2500 649 2594 qui
678 2496 822 2594 aliquem
845 2500 1094 2596 rebaptizaverit
1121 2516 1155 2571 et
1187 2506 1244 2598 qui
1274 2530 1330 2573 re-

253 2595 435 2692 baptizatus
468 2595 590 2684 fuerit,
634 2594 733 2666 modo
778 2622 839 2693 per
882 2612 1015 2670 aetatem
1053 2601 1198 2670 criminis
1231 2625 1331 2696 capax

252 2694 314 2781 sit,
353 2708 458 2765 morte
490 2692 691 2764 mulctantur
733 2692 804 2788 (l).
848 2693 1001 2790 Denique
1036 2722 1054 2765 a
1094 2695 1265 2769 Frederico
1301 2698 1331 2769 ll

250 2790 323 2862 aliae
352 2816 485 2889 quoque
513 2806 626 2864 contra
654 2790 822 2864 haereticos
852 2816 960 2887 pmnae
992 2808 1123 2864 statuta
1150 2811 1229 2866 sunt
1260 2794 1328 2890 (5)

292 2953 335 3036 (1)
355 2955 463 3017 Confer
482 2955 612 3016 codicem
635 2954 871 3017 Theodosianum
892 2955 940 3016 tit.
960 2950 996 3016 de
1013 2951 1129 3033 toret,
1149 2957 1201 3018 ubi
1229 2977 1332 3020 omnes

248 3038 314 3097 lere
327 3035 420 3098 habes
431 3054 544 3116 peenas,
561 3055 657 3116 qnos
682 3040 754 3099 lure
766 3037 844 3096 civili
859 3039 890 3096 in
905 3036 1059 3098 hereticos
1069 3045 1139 3097 sunt
1150 3039 1329 3099 constitutae.

292 3115 336 3198 (Ξ)
358 3121 423 3196 lpse
441 3119 636 3199 Augustinus,
653 3119 704 3196 qui
727 3117 812 3180 initio
830 3135 949 3195 mquum
969 3134 1030 3178 non
1050 3125 1206 3195 putaverat
1229 3127 1331 3180 eontra

247 3198 412 3260 donatistas
424 3199 462 3260 ob
476 3217 606 3261 errorem
620 3199 680 3260 vim
701 3198 851 3274 adbiberi,
876 3197 1014 3277 deinceps
1031 3199 1215 3277 experiundo
1231 3202 1331 3279 novit,

248 3279 340 3340 utiles
355 3299 418 3342 esse
432 3288 533 3341 contra
549 3280 701 3342 hereticos
716 3299 815 3359 pmnus
829 3279 1029 3359 pecuniarias,
1046 3281 1228 3360 Augustinus
1242 3282 1330 3364 epist.

250 3362 315 3423 185
333 3359 375 3422 od
397 3359 538 3443 Bouisoc.
559 3363 663 3444 copi
688 3380 757 3444 opp.
780 3367 802 3422 t.
826 3358 916 3424 ssool.
938 3363 994 3422 851
1021 3359 1067 3421 ed.
1095 3361 1200 3424 Maur.
1229 3364 1330 3426 Venet.

248 3443 508 3506 snoudunam
523 3445 577 3520 ipsi
596 3461 749 3522 poenarum
769 3450 849 3504 metu
863 3443 1019 3583 perterriti
1032 3443 1064 3504 in
1083 3459 1148 3504 rem
1162 3445 1333 3527 diligentius

247 3525 425 3602 inquirunt,
441 3543 474 3585 ao
486 3524 632 3600 doctiores
645 3524 765 3585 lacti-ad
777 3523 864 3586 catha
875 3525 950 3586 ioum
963 3523 1115 3585 ecclesiam
1127 3534 1331 3588 revertuntur.

247 3609 330 3670 Saue
349 3606 456 3666 multos
481 3605 633 3669 haereticos
653 3605 732 3668 iuter
748 3605 897 3687 angustius
917 3614 947 3667 ct
959 3599 1146 3683 afflictiones,
1169 3609 1202 3668 in
1225 3608 1333 3672 mnam

247 3693 387 3759 mentem,
394 3685 517 3748 rediisse
534 3694 663 3763 constat,
679 3687 819 3765 quoniam
834 3685 881 3749 bis
896 3686 980 3750 malis
992 3685 1085 3750 voluti
1101 3687 1219 3754 munti
1232 3689 1271 3751 dc
1283 3709 1333 3752 re·

247 3768 310 3829 bns
333 3767 394 3828 suis
414 3767 584 3848 diligentins
608 3769 737 3849 cogitare
761 3776 929 3848 superum,
952 3777 1042 3849 atquc
1066 3769 1107 3830 ita
1133 3780 1280 3833 noverunt
1304 3779 1334 3833 et

246 3847 424 3926 abjecerunt
437 3849 629 3924 errorem‚in
641 3867 699 3927 quo
714 3849 829 3928 pridem
845 3849 1030 3912 hesitabant.
1267 3891 1271 3897 ·

294 3929 338 4012 (5)
359 3931 394 3991 t.
407 3931 426 3991 9
440 3929 506 3992 eod.
527 3927 637 3992 Tbeod.
651 3929 687 3992 de
700 3927 833 3994 ltaerett'c.

291 4009 338 4091 (4)
359 4011 395 4071 t.
411 4013 432 4072 2
446 4009 510 4074 cod.
524 4012 572 4072 Nc
585 4019 681 4074 sonet.
695 4007 836 4093 baptism.
854 4011 945 4075 diter.
1110 4083 1116 4088 ,
1261 4075 1266 4083 ,

288 4093 335 4174 (t)
355 4091 423 4170 Ejus
436 4092 651 4154 constitutionis
670 4088 831 4174 fragmenta
852 4103 967 4157 exstant
982 4093 1015 4161 iu
1030 4092 1116 4158 autb.
1138 4093 1175 4157 Si
1200 4110 1283 4170 uero,
1307 4104 1336 4168 et

244 4171 338 4236 autb.
355 4171 509 4237 Credentes
520 4169 583 4236 cod.
600 4171 635 4235 de
647 4171 749 4239 teret.
