3575 5625
706 572 849 645 -257
876 616 926 631 -

275 725 462 812 catholicae,
500 723 563 795 hoc
601 725 672 821 ipsc
709 725 743 792 in
780 721 883 793 fidem
914 721 1075 793 obstinate
1111 739 1243 819 peccat,
1300 736 1356 795 no·

275 829 365 895 uiam
402 822 539 892 dubium
576 837 610 891 et
651 824 811 891 incertum
852 844 920 889 esse
953 844 1021 891 uun
1052 836 1180 915 potest,
1214 750 1305 918 qndd
1339 848 1357 891 a

274 921 432 995 catholica
471 918 602 990 ecclesia
642 918 742 988 veluti
781 916 848 987 fide
887 915 997 987 divina
1036 917 1239 988 credendum
1280 943 1357 1015 pro·

273 1022 424 1115 ponitur.
465 1016 592 1089 Dubius
612 1030 730 1086 ¹antem
762 1017 796 1085 in
840 1013 908 1085 fide
938 1028 1087 1085 censetur
1123 1040 1189 1085 non
1224 1032 1356 1086 tantum

275 1119 335 1213 qni
378 1114 420 1187 de
462 1117 610 1185 universa
662 1112 792 1182 dubitat
836 1109 979 1183 ecclesiae
1027 1110 1195 1201 doctrina,
1242 1138 1356 1184 verum

275 1216 374 1285 etiem
411 1216 469 1310 qui
509 1212 653 1311 aliquem
700 1208 779 1282 fidei
816 1208 994 1281 articulum
1027 1207 1204 1282 obfirmate
1232 1212 1267 1279 in
1296 1210 1359 1281 dis

277 1313 403 1381 crimen
424 1326 565 1381 revocat.

319 1482 362 1564 (t)
386 1484 458 1564 Cup.
475 1486 489 1545 t
506 1478 654 1545 debueret.

324 1660 357 1761 ς.
383 1658 477 1734 Vnt.
517 1662 642 1735 Praeter
682 1662 870 1753 haereticos,
910 1680 989 1734 sunt
1022 1665 1120 1733 etiam
1163 1660 1205 1733 de
1242 1662 1358 1736 haeresi

275 1762 436 1857 suspecti,
479 1763 535 1858 qni
574 1763 733 1832 nimirum
776 1786 815 1831 ex
847 1761 975 1832 indiciis
1009 1776 1043 1831 et
1077 1760 1272 1857 conjecturis
1309 1788 1358 1833 er·

275 1882 348 1929 rere
375 1860 409 1927 iu
449 1858 517 1930 fide
557 1882 633 1931 cum
678 1860 849 1932 sententiae
898 1857 1117 1931 obstinatione
1165 1874 1353 1931 censentur.

276 1954 335 2025 Est
369 1970 480 2026 autem
510 1958 646 2053 suspicio
677 1955 719 2027 de
749 1956 863 2028 heresi
897 1953 999 2045 levis,
1033 1953 1210 2027 vehemens
1233 1972 1268 2027 et
1292 1958 1358 2028 rio-

275 2050 376 2122 lenta.
410 2050 507 2123 Levis
540 2055 678 2151 suspicio
712 2072 781 2143 est,
819 2078 895 2151 quau
927 2054 1031 2125 oritur
1058 2078 1100 2123 ex
1126 2054 1225 2147 signis
1253 2068 1358 2125 exter·

276 2153 328 2219 nis
353 2174 513 2246 operum,
550 2152 601 2223 rel
639 2150 836 2241 verborum,
863 2175 939 2248 quae
961 2153 1069 2221 minus
1101 2165 1172 2220 tnta
1203 2167 1358 2249 certaque

277 2264 368 2335 sunt,
410 2264 443 2318 ct
483 2272 560 2345 quae
583 2274 656 2321 raro
684 2246 864 2321 admodum
904 2247 1033 2320 heresis
1066 2250 1358 2345 presumptionem

275 2342 438 2433 afferunt,
480 2362 516 2416 nt
555 2348 582 2417 ai
619 2349 692 2442 quis
732 2346 832 2417 semel
871 2346 1101 2419 hereticorum
1143 2346 1357 2417 conventibus

275 2442 473 2512 interfuerit.
511 2442 695 2515 Vehemens
733 2442 885 2515 educitur
929 2470 968 2514 ex
1018 2445 1236 2538 argumentis,
1281 2468 1358 2539 quae

278 2562 365 2635 saepe
398 2556 483 2610 terta
515 2542 677 2637 firmaque
697 2557 789 2629 sunt,
826 2558 860 2613 et
887 2541 962 2615 ideo
985 2541 1070 2639 juris
1102 2539 1244 2611 afferunt
1276 2565 1359 2637 prae-

276 2638 524 2731 sumptionem,
590 2662 664 2736 quae
718 2642 878 2710 contraria
952 2637 1145 2735 probatione
1212 2636 1357 2708 tollenda

274 2733 517 2832 evertendaque
552 2753 623 2824 est,
667 2751 705 2806 nt
748 2739 775 2805 si
809 2740 882 2834 quis
921 2738 957 2806 in
987 2734 1084 2806 rebus
1118 2732 1196 2804 fidei
1232 2759 1357 2806 errores

276 2828 418 2920 fuderit,
448 2849 506 2904 ant
541 2833 594 2906 die
633 2838 732 2904 vetito
761 2859 873 2906 carnes
904 2832 1162 2904 manducaverit.
1205 2833 1358 2930 Denique

274 2926 418 2999 violenta
460 2935 596 3029 suspicio
631 2931 758 3003 inducit
795 2935 1087 3027 praesumptionem
1122 2931 1208 3026 juris
1237 2947 1272 3000 et
1313 2930 1357 3002 de

270 3025 366 3120 jure,
413 3051 487 3122 qnae
521 3029 610 3100 nulla
647 3031 807 3100 contraria
837 3029 1031 3124 probatione
1074 3024 1260 3095 labefactari
1299 3046 1356 3121 pu*

276 3137 360 3211 test,
399 3151 541 3223 quaeque
572 3130 647 3198 satis
685 3143 753 3213 est,
783 3141 820 3195 ut
861 3127 933 3221 quis
977 3139 1147 3217 tamquam
1182 3121 1356 3195 hereticus

275 3219 536 3312 condemnetur,
587 3223 687 3296 veluti
733 3225 757 3296 si
803 3225 876 3318 quis
922 3220 1077 3317 frequens
1122 3217 1355 3306 haereticorum

275 3317 414 3389 coetibns
461 3321 664 3409 interfuerit,
709 3321 760 3390 rel
800 3319 842 3391 de
890 3318 1005 3390 heresi
1047 3332 1215 3413 suspectus
1253 3343 1354 3390 saera·

275 3430 390 3488 mento
428 3442 462 3487 se
502 3443 642 3514 purgare
679 3416 844 3506 uoluerit,
878 3417 930 3488 rel
967 3415 1118 3486 haereuim
1158 3414 1286 3512 ejurare
1319 3430 1355 3486 et

276 3509 355 3583 inde
398 3518 694 3586 excommunicatus
745 3539 805 3610 per
844 3539 969 3586 annum
1019 3517 1054 3583 in
1099 3516 1357 3586 excommunica·

272 3612 368 3683 tione
402 3629 585 3708 perseveret
609 3612 676 3711 (1).
1104 3629 1107 3634 ’

319 3782 361 3864 (t)
386 3785 458 3866 Cup.
489 3787 525 3846 15
551 3783 578 3865 §.
606 3781 683 3846 ete
706 3781 822 3862 ἱππεὺς
849 3805 915 3868 cup.
943 3785 1046 3848 7eod.
1073 3760 1105 3847 ia
1132 3788 1169 3862 6,·
1202 3787 1356 3848 concilium

277 3866 489 3927 Tridentiunm
503 3883 575 3928 sess.
591 3868 630 3928 tt
645 3865 679 3928 de
694 3865 817 3950 reform.
834 3887 900 3950 cup.
915 3869 945 3930 5.

323 4019 353 4122 §.
386 4022 447 4092 tx.
493 4021 608 4094 Multae
647 4025 680 4094 in
721 4022 889 4096 hereticos
923 4047 1032 4120 poenae
1056 4037 1129 4092 tnm
1156 4021 1353 4092 ecclesiasti*

273 4121 321 4191 eis
330 4163 344 4208 9
390 4135 463 4191 tnur
485 4117 633 4193 civilibus
658 4120 785 4218 legibus
814 4124 1000 4194 constitute
1022 4137 1112 4192 snut.
1149 4115 1356 4285 Etfflecciesia

374 4242 451 4289 τοι.
482 4241 517 4287 ιι.
1246 4266 1254 4285 .
