3575 5625
897 622 1119 692 -tte-

515 775 546 875 §.
575 771 634 845 lV.
672 767 832 849 Generale
873 767 1105 857 interdictum,
1145 792 1187 838 ne
1226 767 1370 863 asperius
1416 767 1550 838 ridere-

467 873 542 962 tur,
595 870 686 968 quod
736 892 849 941 omnes
890 865 984 936 nullo
1035 865 1221 935 discrimine
1263 861 1547 961 comprehendat,

466 972 606 1044 Romani
643 965 821 1039 Pontifices
856 965 951 1035 certis
981 961 1132 1034 cohibere
1164 960 1289 1058 legibus
1330 978 1364 1032 et
1399 963 1551 1035 emollire

466 1067 676 1140 studuerunt.
724 1063 812 1157 Ergo
855 1088 924 1134 non
967 1075 1097 1132 tantum
1161 1059 1373 1156 parvulorum
1428 1060 1549 1226 baptis-

466 1192 539 1237 mus
577 1181 610 1235 et
652 1163 863 1234 morientium
914 1161 1107 1257 poenitentia
1169 1157 1312 1252 generali
1371 1160 1458 1228 inter
1483 1161 1548 1228 icto

464 1277 598 1358 excepta
627 1276 676 1332 est
706 1260 779 1355 (l),
813 1257 870 1330 sed
901 1259 999 1328 etiam
1032 1255 1106 1326 data
1133 1253 1286 1343 facultas,
1320 1271 1357 1324 ut
1381 1255 1550 1326 interdicti

466 1379 617 1456 tempore
654 1358 803 1428 divinum
837 1355 974 1426 verbum
1011 1353 1135 1450 populo
1172 1355 1343 1423 nuntietur
1378 1368 1413 1422 et
1460 1378 1548 1449 pue-

467 1463 509 1529 ris
550 1458 719 1553 baptizatis
748 1451 956 1525 confirmatio
989 1451 1152 1521 tribuatur
1181 1450 1248 1547 (ἢ).
1284 1448 1441 1520 Similiter
1465 1475 1550 1521 eon-

466 1580 592 1628 cessum
638 1570 688 1625 est
741 1553 893 1623 viaticum
952 1547 1186 1620 decedentibus
1241 1563 1275 1618 et
1336 1547 1549 1618 ecclesiastica

465 1652 631 1750 sepultura
663 1651 805 1739 clericis,
846 1651 904 1745 qui
939 1647 1150 1720 interdictum
1191 1660 1361 1716 servarunt
1398 1661 1432 1716 et
1472 1669 1549 1741 poe·

465 1753 604 1822 nitentia
636 1748 678 1819 ad
707 1773 796 1820 sacra
827 1746 912 1818 bella
949 1745 1164 1843 profecturis,
1204 1745 1373 1840 crucisque
1416 1743 1550 1838 signum

466 1848 699 1946 recipientibus
752 1859 788 1917 et
826 1845 896 1914 aliis
930 1843 1126 1940 peregrinis,
1173 1865 1375 1940 quamquam
1420 1843 1551 1936 integra

467 1945 656 2017 valetudine
686 1959 859 2014 uterentur
883 1941 950 2038 (ὅ).

510 2117 553 2196 (l)
578 2121 651 2198 Cup.
668 2118 707 2176 lb
719 2112 754 2176 de
769 2110 902 2198 mensal.
918 2113 1088 2175 etmctrim.

510 2201 552 2278 (Ξ)
576 2199 650 2280 Cap.
666 2201 705 2260 te
717 2195 753 2258 de
767 2204 892 2258 sentent.
906 2213 1016 2257 exeunt.

467 2355 471 2360 .
508 2282 550 2360 (5)
574 2285 646 2360 Cap.
676 2283 709 2340 tt
728 2277 764 2339 de
789 2278 928 2359 penitere.
957 2285 984 2336 et
1008 2278 1125 2339 remim.
1154 2278 1261 2342 Confer
1295 2280 1384 2338 etiam
1409 2277 1548 2338 benedic

467 2372 532 2422 tuur
549 2366 616 2424 xlv
638 2369 730 2421 conat.
748 2359 898 2435 Quorum
918 2360 957 2418 86
971 2356 997 2438 S.
1030 2363 1047 2420 5
1071 2367 1141 2421 torn.
1164 2364 1173 2421 l
1201 2359 1267 2442 ejus
1290 2357 1363 2422 butt.
1386 2377 1461 2441 puy.
1490 2360 1550 2420 174

470 2444 539 2503 edit.
554 2445 639 2504 Rom.
656 2459 709 2507 seu
724 2442 815 2502 Vcaet
831 2441 922 2501 rtet.

518 2615 549 2715 §.
575 2615 618 2685 V.
653 2615 812 2686 Praeterea
843 2613 1020 2710 Gregorius
1047 2613 1104 2686 IX
1136 2617 1300 2713 permisit,
1330 2629 1366 2684 ut
1400 2617 1434 2684 in
1463 2640 1551 2684 una-

471 2740 602 2813 quaque
646 2712 850 2784 hebdomada
893 2716 1017 2809 privata
1063 2713 1158 2784 Missa
1206 2712 1449 2802 celebraretur,
1497 2737 1551 2784 ex·

468 2816 564 2885 clusis
595 2830 706 2883 tamen
745 2814 1031 2885 excommunicatis
1067 2828 1166 2909 atque
1208 2810 1412 2899 interdictis,
1458 2836 1552 2883 cam·

468 2914 627 3009 panisque
676 2910 845 2981 silentibus
903 2926 937 2980 et
990 2909 1104 2979 clausis
1148 2909 1258 3001 januis
1306 2934 1342 2979 ac
1392 2908 1551 2981 submissa

468 3036 566 3096 voce,
627 3023 725 3105 atque
774 3025 813 3077 ut
853 3006 1068 3079 conficeretur
1110 3031 1148 3077 co
1191 3031 1228 3075 us
1267 3006 1419 3093 Domini,
1458 3008 1552 3103 quod

469 3106 702 3179 decedentibus
741 3106 775 3176 in
824 3106 1018 3202 poenitentia
1055 3032 1247 3175 conceditur
1285 3104 1354 3199 (i).
1398 3103 1553 3201 [lenique

469 3204 654 3278 Bonilacius
691 3200 769 3273 Vlll
804 3204 905 3296 magis
946 3204 1044 3273 etiam
1084 3204 1278 3297 temperarit
1320 3217 1420 3299 atque
1464 3200 1552 3273 leni-

468 3305 515 3371 vit
556 3298 706 3395 generale
745 3298 977 3388 interdictum,
1018 3299 1082 3370 lata
1130 3298 1220 3395 lege,
1272 3323 1337 3395 qua
1386 3301 1550 3370 sancitum

468 3417 536 3484 est,
580 3414 617 3467 ut
652 3399 745 3466 *sanis
795 3398 968 3482 omnibus,
1021 3396 1121 3469 modo
1163 3397 1435 3469 excommunicati
1482 3424 1553 3469 uon

468 3498 552 3586 sint,
599 3495 791 3589 poenitentia
837 3493 1025 3581 tribuatur,
1071 3512 1108 3564 ut
1155 3495 1189 3564 in
1239 3496 1363 3565 cunctis
1408 3492 1551 3569 ecclesiis

468 3609 501 3681 et
545 3592 746 3663 monasteriis
791 3592 824 3660 in
866 3590 938 3661 loco
977 3591 1151 3663 interdicto
1193 3593 1283 3680 sitis,
1330 3590 1431 3662 modo
1480 3596 1551 3689 ipsa

468 3690 633 3785 speciatim
673 3686 844 3759 interdicta
873 3713 942 3759 non
976 3690 1061 3777 sint,
1099 3715 1208 3786 neque
1239 3686 1339 3759 ullam
1372 3687 1552 3762 interdicto

467 3810 596 3857 causam
638 3783 822 3877 dederint,
849 3782 945 3855 Missa
982 3786 1129 3883 quotidie
1172 3784 1376 3874 celebretur,
1419 3785 1551 3883 aliaque

467 3884 576 3954 divina
623 3882 731 3954 officia
779 3900 996 3978 peragantur,
1062 3884 1218 3954 submissa
1276 3899 1389 3953 tamen
1446 3908 1548 3973 voce,

466 3983 569 4077 portis
603 3980 736 4069 clausis,
769 4004 837 4051 non
865 3980 1000 4076 pulsatis
1038 3984 1204 4078 campanis
1236 3996 1270 4052 et
1311 3980 1447 4052 exclusis
1493 3984 1551 4053 in-

465 4080 632 4166 terdictis,
665 4094 703 4148 ut
730 4080 764 4148 in
798 4077 884 4147 lestis
919 4077 1040 4149 Natalis
1075 4078 1217 4165 Christi,
1259 4076 1416 4165 Paschae,
1462 4078 1551 4149 Pen-

465 4194 619 4267 tecostes,
668 4177 907 4273 Assumptionis
942 4176 1052 4247 Mariae
1094 4176 1235 4270 Virginis
1280 4174 1416 4271 (quibus
1463 4175 1551 4247 Mar·
