3575 5625
459 389 504 504 il

680 553 879 624 ..61-

231 699 393 772 Similiter
432 701 510 799 jure
549 698 759 770 decretalium
806 697 975 789 monaehi,
1022 699 1185 796 regulares
1230 699 1309 796 (2),

234 799 379 871 ecclesiae
415 797 531 868 multae
564 813 598 867 et
641 796 745 868 multa
778 800 856 869 item
902 795 1041 894 capitula
1080 800 1314 870 canonicorum

233 897 319 968 sedis
350 897 551 995 Apostolicae
579 895 753 993 privilegiis
790 894 839 966 vel
878 897 1032 984 omnino,
1067 895 1117 966 rel
1148 921 1201 970 ex,
1219 912 1313 992 parte

234 993 278 1064 ab
317 997 547 1091 episcoporum
586 991 814 1091 jurisdictione
858 993 1021 1064 subtracta
1063 1011 1153 1064 sunt.
1197 993 1246 1062 lta
1271 1017 1312 1064 uc

233 1091 357 1164 horum
388 1115 491 1164 causac
520 1106 577 1162 aut
608 1115 627 1160 a
656 1091 732 1162 sede
761 1091 971 1190 Apostolioa,
1009 1106 1065 1160 aut
1102 1091 1144 1160 ab
1176 1115 1216 1162 eo
1246 1021 1269 1160 i

233 1189 326 1279 dice,
367 1193 421 1262 cui
459 1205 535 1260 sunt
577 1187 735 1278 addictas,
778 1204 1035 1286 cognoscuntur,
1074 1187 1144 1260 Nee
1190 1203 1312 1284 prete·

232 1289 360 1359 reunda
398 1287 571 1387 peculiaria
612 1286 831 1385 quorumdam
865 1287 1056 1385 privilegia,
1096 1285 1204 1383 qualia
1236 1301 1313 1356 sunt

232 1385 289 1456 illa
321 1411 473 1459 concessa
509 1387 606 1456 certis
648 1383 838 1481 corporibus
884 1401 985 1482 atque
1027 1383 1190 1480 collegiis,
1235 1383 1314 1479 plu-

234 1483 393 1583 ribusque
425 1485 602 1582 gymnasiis
636 1496 670 1552 et
713 1482 904 1573 academiis,
943 1481 1063 1580 quibus
1096 1486 1154 1579 qui
1193 1481 1315 1552 addicti

232 1597 331 1671 sunt,
366 1581 401 1651 hi
425 1583 608 1748 proprium
636 1579 760 1653 habent
786 1581 955 1681 jndicem,
986 1579 1028 1650 ad
1055 1605 1156 1676 quern
1185 1595 1314 1651 tantum

233 1681 423 1776 vocantur(
451 1689 479 1774 ).

277 1867 320 1948 (Ι)
340 1869 375 1929 ι.
392 1865 553 1930 anteros.
571 1866 692 1946 mand.
706 1869 881 1951 imperator.

276 1949 320 2030 (2)
342 1951 467 2012 Consule
481 1954 610 2032 linguan.
627 1951 660 2011 s'n
673 1970 739 2033 sup.
764 1953 838 2012 Cum
858 1951 983 2016 ds'lectus
1001 1955 1020 2016 8
1035 1950 1071 2012 de
1088 1946 1184 2031 nettp.
1204 1945 1312 2010 domii.

232 2050 319 2092 num.
338 2032 570 2114 1⁷,ettneap
595 2035 731 2094 Taurum
747 2051 832 2094 num.
858 2037 895 2098 78
921 2033 958 2099 de
979 2031 1136 2114 Prioilep,
1158 2031 1208 2091 ubi
1222 2032 1313 2092 etiam

232 2111 410 2175 describitur
434 2115 557 2176 celebris
582 2114 656 2178 sixti
680 2117 718 2176 tv
738 2116 923 2193 constitutio,
946 2137 1035 2197 quam
1058 2133 1142 2175 more
1166 2131 1313 2194 acapnum

231 2197 393 2274 appellant.
410 2199 547 2260 Ceterum
563 2195 601 2256 de
616 2196 793 2276 regularium
806 2200 992 2279 exemptione
1008 2200 1067 2260 late
1082 2195 1208 2256 disserui
1225 2191 1276 2254 tit.
1294 2197 1314 2254 7

233 2277 280 2337 tit.
308 2281 347 2339 t0
367 2275 394 2358 S.
415 2281 433 2338 5
452 2296 526 2360 pap.
550 2280 610 2340 666
629 2285 658 2338 et
675 2277 707 2338 in
732 2287 793 2338 not.
811 2298 883 2374 pap.
906 2284 965 2342 657
984 2289 1013 2343 et
1033 2298 1094 2362 aeq.
1119 2278 1177 2339 Sed
1205 2285 1313 2355 prater

232 2367 367 2420 sudores
381 2377 415 2420 eo
434 2359 497 2420 loco
514 2358 672 2434 indicatos,
690 2361 759 2420 virle
778 2367 867 2422 etrum
891 2362 1080 2444 Gagliardum
1102 2363 1181 2420 lust.
1202 2375 1310 2418 conon.

231 2437 284 2501 lib.
311 2443 330 2502 5
353 2440 399 2502 tit.
430 2444 467 2502 ta
495 2439 521 2521 S.
552 2443 589 2502 19
617 2447 646 2501 et
666 2459 745 2524 seq„
770 2441 821 2502 ubi
846 2443 953 2506 harum
977 2443 1197 2520 exemptionum
1219 2439 1314 2498 multa

232 2521 324 2582 habes
339 2522 457 2600 antiqua
476 2530 683 2597 monumenta,
706 2542 772 2601 quse
794 2526 919 2586 aNatali
944 2525 1126 2598 Alexandro,
1154 2519 1310 2600 t'ghellic,

232 2603 419 2680 Habillonio,
446 2604 607 2665 llumtorio
629 2603 751 2682 aliisque
773 2606 846 2667 viris
880 2606 974 2670 doctis
1001 2608 1119 2669 collecta
1142 2611 1223 2664 sunt.
1252 2604 1314 2664 No·

229 2685 350 2746 sissima
372 2683 410 2745 de
437 2685 617 2766 regularium
641 2687 826 2764 exemptione
848 2691 978 2768 graviter
998 2688 1151 2765 solideque
1172 2683 1313 2745 dissemit

230 2767 407 2831 Emmanuel
428 2769 555 2849 ituriaga
572 2775 674 2829 auctor
691 2769 820 2847 epistole
842 2771 930 2833 editae
950 2771 1051 2835 assisii
1072 2788 1120 2831 an.
1150 2769 1242 2829 7786.
1267 2767 1312 2829 Su

230 2949 321 2993 cause
336 2930 512 2993 matronam

229 2846 409 2913 t’nenztons
428 2846 474 2911 de'
492 2846 632 2993 773616νί
648 2848 728 2913 dello
749 2850 964 2934 piurisdizs'one
980 2852 1028 2917 ds’
1046 2850 1180 2927 Verruci,
1201 2868 1269 2913 cau
1284 2845 1312 2909 le

273 3012 316 3093 (ὅ)
337 3006 454 3075 late'ac
468 3012 625 3093 diligenter
639 3013 677 3075 da
691 3013 747 3075 hoc
761 3014 933 3097 privilegio,
952 3034 1012 3096 quo
1027 3014 1184 3077 academie
1205 3012 1313 3073 fruun-

230 3102 298 3171 tur,
315 3094 445 3173 disputnt
468 3095 565 3173 Scipio
586 3095 710 3157 Gentilis
727 3092 763 3157 de
783 3095 904 3159 Iurisd.
927 3095 949 3160 l.
974 3100 1080 3179 osup.
1104 3097 1141 3157 tt
1161 3112 1231 3175 opp.
1252 3102 1274 3154 t.
1294 3094 1313 3154 3

228 3194 303 3258 paq.
321 3178 382 3237 2⁷6
393 3174 463 3237 edit.
478 3174 605 3258 Neupol.
625 3178 714 3238 7766.

280 3330 312 3432 §.
347 3330 472 3402 XVlll.
513 3332 620 3403 Etiam
654 3336 855 3405 continentia
899 3358 1004 3407 causae
1041 3334 1137 3425 iacit,
1178 3348 1216 3404 ut
1246 3333 1309 3432 ju-

232 3428 316 3520 dex,
354 3432 412 3527 qui
451 3444 641 3528 competens
681 3456 747 3503 non
793 3448 894 3524 esset,
936 3448 1126 3548 competens
1167 3431 1306 3518 eradat,

231 3530 391 3600 nimirum
422 3528 446 3595 si
477 3530 614 3624 quaestio
641 3531 794 3625 princeps
821 3533 856 3601 in
888 3556 985 3602 cursu
1008 3531 1125 3629 judicii
1157 3528 1309 3601 inciden-

231 3642 300 3695 tem
349 3627 568 3722 quaestionem
610 3626 750 3717 habeat,
787 3629 880 3725 cujus
916 3626 964 3698 illi
1005 3654 1044 3701 oo
1068 3631 1148 3699 nitio
1186 3626 1309 3699 directe

230 3726 401 3795 commissa
431 3747 497 3795 non
525 3739 606 3793 erat.
639 3724 668 3795 T
670 3750 735 3796 unc
763 3726 852 3795 enim
881 3724 969 3796 idem
999 3654 1106 3797 iudex
1134 3743 1309 3819 utramque

229 3822 484 3893 controversiam
514 3823 637 3910 noscit,
671 3847 713 3893 ne
742 3848 793 3893 res
826 3825 914 3893 inter
942 3848 977 3895 se
1008 3849 1100 3896 nexae
1132 3840 1166 3894 et
1185 3824 1309 3919 jugata

231 3916 421 3989 dividantur
452 3918 519 4014 (l).
555 3918 640 3991 Hinc
675 3918 853 3991 decretales
894 3919 966 3993 soro
998 3920 1211 3994 ecclesiastico
1244 3916 1308 3986 ad·

231 4014 349 4087 dicunt
386 4041 494 4087 causas
537 4014 580 4087 de
623 4016 701 4090 dote
739 4017 846 4115 deque
885 4018 1047 4091 alimentis
1093 4012 1308 4116 praestandis,

230 4138 309 4211 qnae
333 4114 627 4187 matrimonialibus
659 4116 809 4189 incidunt
837 4116 905 4214 (2).
