3575 5625
674 624 893 695 ..uit-

248 772 334 833 domo
350 771 504 854 episcopali
519 790 572 850 per
588 772 649 833 vim
662 774 832 851 expelleret.
853 776 1015 851 Imperator
1028 782 1143 846 antem,
1158 775 1227 836 licet
1251 774 1320 837 etb-

247 856 343 930 nious,
366 854 542 914 sententiam
561 854 646 930 tulit,
662 856 780 934 qualem
794 855 971 915 christianus
987 856 1147 935 imperator
1164 858 1243 917 ferre
1265 876 1320 936 po·

247 938 363 1011 tuissct;
378 954 447 995 narn
469 936 564 1016 legem
583 936 674 1011 dixit,
690 944 724 996 ut
739 936 844 998 domus
862 936 1029 997 traderetur
1046 937 1097 1007 iis,
1112 940 1221 1017 quibus
1238 939 1319 999 illam

247 1016 413 1079 ebristianae
435 1016 586 1098 religionis
606 1018 752 1079 antistites
769 1026 799 1079 et
819 1022 969 1079 Romanus
987 1019 1137 1097 episcopus
1156 1021 1320 1081 conceden-

247 1098 312 1159 dam
337 1098 519 1175 indicarent,
542 1117 608 1178 quae
634 1106 737 1159 cuneta
759 1107 893 1160 constant
913 1116 950 1159 cx
974 1100 1099 1161 Eusebio
1119 1098 1191 1163 hist.
1218 1100 1317 1163 eccles.

248 1177 295 1243 lib.
319 1181 338 1239 7
360 1199 428 1261 cup.
446 1182 486 1241 50
503 1198 536 1261 p.
564 1182 625 1241 564
643 1179 690 1242 ed.
715 1178 826 1243 Valesii
844 1179 986 1241 Cantobr.
1013 1183 1110 1256 trau·
1135 1182 1320 1245 Theodoreto

246 1259 346 1323 loiret.
371 1259 469 1343 sobril.
489 1260 541 1322 lib.
564 1264 583 1321 2
603 1280 670 1345 cap.
697 1264 763 1345 8p.
786 1264 846 1323 225
867 1272 889 1323 t.
906 1265 926 1323 l
947 1280 1016 1343 opp.
1035 1261 1081 1323 ed.
1106 1265 1209 1325 Poris.
1226 1266 1318 1325 isos.

246 1344 387 1403 Similiter
405 1362 493 1421 qnam
508 1361 587 1423 tegre
605 1346 732 1405 Notatur
750 1352 779 1405 et
800 1344 1010 1419 Felicissimus,
1031 1347 1162 1423 itemque
1182 1346 1320 1407 Basilides

247 1426 440 1486 asturicensis
453 1434 483 1484 et
503 1425 643 1487 Martialis
658 1426 847 1487 Emeritensis
866 1433 966 1486 eontra
982 1444 1015 1486 se
1035 1426 1125 1487 latam
1146 1428 1320 1488 sententiam

248 1506 384 1582 tulerint,
400 1514 603 1585 quantumque
625 1506 801 1584 laborarint,
816 1516 848 1567 ut
864 1506 927 1585 ejus
945 1508 1005 1567 vim
1024 1508 1171 1569 declinare
1184 1518 1318 1587 possent,

248 1587 407 1647 ostendunt
419 1592 451 1650 S.
468 1588 620 1651 Cornelius
633 1608 680 1671 ep.
696 1586 737 1648 ori
747 1591 779 1650 S.
797 1589 1000 1671 cyprianum,
1014 1608 1080 1667 quae
1093 1591 1172 1650 inter
1182 1591 1320 1669 Cypriani

247 1668 382 1746 epistolas
399 1678 442 1730 est
457 1672 513 1746 to,
536 1689 570 1731 aa
585 1672 749 1749 Cyprianus
764 1670 849 1753 epist.
874 1670 914 1731 bl
936 1668 976 1730 od
996 1668 1111 1731 Corsici.
1131 1680 1160 1732 et
1177 1672 1263 1753 epist.
1281 1674 1319 1733 59

246 1768 316 1845 pop.
337 1753 415 1826 256,
438 1753 497 1812 est
516 1761 545 1813 et
558 1752 618 1813 265
633 1750 680 1813 ed.
707 1750 831 1814 ,4ωωί.
853 1753 944 1813 1700.
965 1752 1102 1832 Origines
1117 1762 1215 1815 autem
1233 1753 1272 1813 de
1290 1772 1321 1813 se

248 1850 307 1909 ipso
320 1832 520 1909 demonstrat,
545 1852 634 1912 quam
648 1852 727 1915 egro
750 1844 780 1895 et
805 1834 898 1894 invito
911 1832 1011 1893 animo
1028 1835 1170 1895 Demetrii
1192 1835 1318 1913 cpisoopi

248 1916 400 1974 sententiae
420 1934 523 1993 parere
541 1914 693 1987 debuerit,
713 1915 746 1977 io
765 1912 889 1997 praefat.
911 1916 1018 1975 tormti
1038 1915 1072 1974 in
1095 1916 1187 1976 Joorr.
1213 1920 1321 1976 comt

249 2012 312 2077 opp.
327 2014 361 2077 p.
379 1998 434 2057 tot
453 1994 500 2057 ed.
520 1998 625 2059 Poris.
643 1998 737 2073 ittae
756 2016 813 2075 qua
829 1996 866 2057 dc
884 2015 919 2057 re
932 1996 1001 2057 ride
1013 1996 1102 2055 etiam
1118 1998 1319 2057 coustantium

249 2076 279 2135 ia
302 2094 349 2158 ep.
365 2078 453 2137 ltoru.
477 2075 593 2160 Pontis.
614 2076 668 2139 ool.
692 2082 750 2139 litt
766 2087 794 2139 et
812 2097 873 2162 seq.
901 2078 1008 2141 Conler
1026 2086 1167 2155 preterea
1181 2078 1319 2139 eumdem

249 2158 425 2237 cyprianum
440 2162 521 2241 φᾶ
542 2158 583 2220 od
596 2160 755 2242 Rogatian.
778 2180 850 2241 pop.
872 2162 946 2238 iti,
967 2167 997 2220 et
1020 2178 1067 2241 ep.
1089 2162 1129 2221 lb
1145 2158 1185 2220 ori
1206 2156 1321 2242 plebem

247 2258 315 2321 paq.
340 2242 416 2317 227,
438 2240 517 2303 unde
535 2240 675 2323 intelligis
691 2242 942 2321 quemadmodum
959 2241 1085 2321 episcopi
1101 2243 1208 2321 punire
1224 2250 1321 2303 sontes

248 2322 368 2399 possint.
386 2323 471 2385 liitto
485 2331 594 2400 cetera,
610 2342 648 2383 ne
660 2322 766 2404 longus
779 2324 846 2385 sim.

284 2516 329 2685 ἓ.
357 2518 401 2591 V.
439 2520 520 2591 Data
551 2520 730 2591 christianis
759 2546 858 2616 pace,
891 2545 960 2591 noa
987 2519 1092 2593 solum
1132 2545 1191 2589 suo
1225 2520 1320 2615 jure,

247 2640 283 2686 se

343 2620 440 2687 etiam
473 2617 600 2713 legibus
634 2620 868 2715 imperatorum
901 2618 975 2713 (l),
1010 2616 1148 2688 Ecclesia
1182 2614 1224 2685 de
1255 2616 1323 2687 eri·

248 2712 392 2785 minibus
419 2710 589 2814 judicavit.
639 2717 748 2811 Atque
795 2716 871 2787 haeo.
913 2713 1047 2811 quidem
1091 2713 1215 2811 judicia
1255 2737 1323 2783 non

247 2825 378 2883 tantum
414 2830 507 2884 erant
547 2813 589 2884 de
634 2813 826 2884 criminibus
856 2817 891 2884 in
930 2813 1119 2907 religionem
1152 2811 1229 2908 (2),
1268 2808 1324 2880 sed

247 2923 278 2976 et
311 2933 427 2982 omnes
462 2907 785 3007 comprehendebant
824 2935 954 2998 causas,
989 2913 1024 2979 in
1062 2909 1181 3004 quibus
1217 2907 1324 2978 clerici

246 3003 357 3103 aliquo
390 3011 423 3078 in
456 3007 692 3107 rempublicam
730 3009 866 3078 crimine
903 3007 1122 3101 arguebantur
1155 3005 1222 3101 (ὅ).
1256 3003 1326 3072 Ρο-

246 3117 398 3176 testatem
437 3105 526 3178 illam
572 3103 789 3202 cognoscendi
829 3103 1057 3202 puniendique
1108 3103 1245 3172 crimini
1289 3101 1324 3168 in

246 3200 438 3298 religionem
476 3233 494 3276 a
529 3202 660 3276 Christo
697 3205 893 3275 nominatim
934 3202 1058 3297 accepit
1087 3197 1246 3287 Ecclesia,
1290 3199 1325 3266 in

246 3324 348 3393 quam
379 3303 388 3371 i
414 3327 447 3372 se
479 3300 619 3374 contulit
645 3300 784 3372 clarium
823 3314 1018 3397 potestatem
1049 3314 1084 3368 et
1110 3299 1204 3392 enjus
1228 3294 1326 3366 unius

246 3420 313 3468 esse
348 3327 453 3470 roiirit
488 3424 601 3472 curare
630 3402 760 3489 omnia,
793 3423 869 3496 quae
902 3395 1020 3468 adres
1052 3421 1154 3466 sacras
1183 3410 1240 3465 aut
1278 3392 1326 3462 di·

247 3495 339 3569 uinas
374 3500 554 3594 pertinent.
594 3495 704 3582 Quare
749 3499 895 3594 quisquis
927 3496 1013 3566 inter
1053 3493 1198 3566 ecelesiae
1241 3491 1327 3564 filios

246 3623 305 3692 per
339 3597 543 3693 baptismum
577 3609 746 3692 cooptatus
784 3595 820 3664 in
860 3619 898 3664 en
939 3609 1075 3688 peccat,
1117 3615 1193 3688 quie
1230 3592 1327 3662 unius

245 3693 391 3766 ecelesiae
425 3693 603 3788 gubernio,
642 3715 751 3782 ouras,
788 3690 916 3786 judicio
958 3693 1126 3761 oommissa
1162 3705 1260 3776 sunt,
1300 3689 1326 3756 is

246 3793 386 3864 omnino
428 3789 514 3862 illins
549 3804 744 3886 potestatem
787 3801 823 3860 et
864 3787 1176 3859 animadversionem
1218 3785 1326 3856 subire

247 3887 368 3979 debet,
399 3913 436 3960 ac
468 3889 494 3958 si
527 3889 597 3984 ejus
626 3885 757 3958 decreto
782 3911 847 3957 noo
879 3887 1027 3975 steterit,
1056 3883 1176 3956 Christi
1208 3885 1323 3980 jussu,

247 4003 420 4083 tamquam
456 3985 605 4056 ethnicus
633 4000 667 4056 et
710 3981 902 4080 publicanus
945 3983 1115 4054 habendus
1158 3995 1206 4050 est
1251 3978 1321 4087 (tl):

247 4087 409 4154 nimirum
448 4085 478 4154 ei
514 4085 609 4156 sacris
644 4097 693 4154 est
724 4079 989 4158 interdicendum
1023 4097 1057 4154 et
1096 4098 1327 4149 communione

246 4181 512 4254 christianorum.
