3575 5625
479 654 536 699 Vlll

473 773 561 836 modo
574 775 634 835 Nos
647 772 702 853 ipsi
716 772 940 854 recognovimus
956 790 991 833 ex
1009 770 1156 835 catholico
1177 771 1265 833 Cultu
1281 771 1312 831 in
1331 770 1421 833 Gellia
1437 772 1549 833 consti-

474 866 553 927 tuto,
587 872 701 916 necnon
733 872 768 916 ex
800 856 968 933 particulari
1000 854 1063 931 ejus
1094 853 1290 932 professione,
1318 872 1407 931 quam
1442 853 1552 915 iaciunt

473 936 653 1017 Reipublicae
672 937 810 999 Consules
832 936 967 997 camdem
987 936 1168 1016 Religionem
1195 936 1353 997 maximnm
1375 934 1550 1008 utilitatem,

472 1020 693 1161 primumque
719 1018 807 1079 decus
827 1019 1005 1099 percepisse,
1028 1028 1058 1081 et
1083 1016 1138 1079 hoc
1163 1035 1280 1097 quoque
1303 1026 1438 1097 tempore
1459 1036 1552 1098 pres·

487 1120 574 1163 oars.

513 1181 628 1257 Quibus
641 1180 682 1241 ita
694 1199 725 1241 se
737 1179 931 1255 habentibus,
955 1180 1028 1243 illud
1049 1200 1111 1261 prm
1131 1179 1269 1243 omnibus
1282 1181 1476 1241 constitutum
1490 1188 1550 1251 est,

473 1272 507 1324 nt
517 1263 629 1343 Religio
640 1261 787 1325 Gctbolion
798 1266 962 1344 Apostolicn
972 1267 1102 1325 Romana
1113 1263 1207 1325 libere
1218 1262 1249 1322 in
1263 1262 1354 1323 Gallie
1366 1270 1546 1323 exerceatur.

473 1345 550 1407 lllud
571 1345 661 1406 etiam
682 1346 827 1407 sancitum
848 1355 906 1416 est,
933 1354 967 1407 ut
989 1346 1123 1425 publicus
1145 1346 1183 1406 sit
1205 1345 1283 1405 illius
1307 1344 1428 1416 Cultus,
1451 1342 1550 1403 hebitn

473 1436 572 1489 tamon
585 1428 699 1488 ratione
722 1426 941 1489 ordinationum
962 1427 1058 1506 quood
1079 1427 1226 1506 politiam,
1243 1444 1316 1504 quas
1339 1426 1483 1505 Regimen
1497 1444 1549 1503 pro

471 1508 588 1589 publiea
601 1509 813 1587 tranquillitate
826 1510 1002 1571 necessarios
1015 1508 1206 1571 existimabit.

514 1588 627 1652 Deinde
639 1608 707 1651 cum
720 1591 793 1651 illud
812 1593 941 1653 manime
963 1590 1158 1653 necessarium
1174 1606 1235 1652 esse
1250 1596 1436 1667 compertum
1451 1588 1504 1664 sit,
1518 1596 1550 1647 nt

473 1672 511 1733 dc
534 1672 750 1751 Episcopolibus
769 1673 887 1735 sedibus
901 1674 976 1735 ratio
997 1672 1173 1744 haberetur,
1196 1669 1265 1731 binc
1282 1688 1349 1731 cum
1368 1670 1549 1730 Gallicanum

473 1756 615 1833 Regimen
628 1772 734 1815 novam
744 1752 809 1815 ficri
823 1756 998 1817 Gallicarum
1013 1754 1187 1815 Dimecsium
1204 1751 1507 1830 circumscriptionem
1521 1768 1550 1811 se

472 1854 580 1979 gup'erc
592 1834 917 1977 N⁰biff³i⁸¹¹ifd⁰m¹ssi⁶³
934 1836 1130 1977 collatistcurfrin
1143 1854 1177 1978 po
1195 1834 1412 1975 consiliistnova
1429 1852 1446 1974 ἱι
1461 1833 1550 1974 Νἷιιῖξε

498 1937 514 1978 ι
538 1934 649 1979 tearum
695 1936 841 1979 recessum
858 1937 1029 1980 circumseri
1064 1936 1092 1977 ro
1127 1935 1172 1990 e,
1210 1936 1256 1977 use
1269 1934 1319 1976 mn
1335 1932 1484 1975 nevonn
1498 1933 1513 1974 a
1528 1932 1550 1973 ts

473 1998 677 2076 conjunctione
690 2000 731 2059 ita
745 1999 928 2079 perficietur,
947 2008 979 2061 ut
1000 1935 1209 2081 ιρῗιίιιιιιίιιιιὲ
1217 1997 1435 2061 catholicorum
1450 2014 1550 2058 ncces-

474 2080 609 2141 sitatibns
620 2082 785 2142 consultum
796 2083 846 2143 sit.

515 2165 551 2222 Et
561 2163 700 2240 quoniam
715 2172 778 2223 tum
792 2172 913 2245 propter
924 2180 1030 2225 noram
1045 2162 1119 2223 hanc
1134 2162 1226 2241 ipsam
1238 2160 1413 2221 liioesesium
1424 2160 1552 2219 circum-

474 2245 680 2387 ffipgptippem,
702 2250 907 2388 tumdpropttcr
926 2246 997 2307 alias
1010 2241 1553 2387 tgmtpissirpasmpfistpgnqnonngfflpqi

474 2345 796 2487 ...tutulos
810 2346 867 2470 lt
883 2346 984 2487 lulli
999 2343 1310 2488 ol...lt.llh.1‚
1337 2403 1552 2467 nmmum

474 2488 667 2549 Ecclmiarum
688 2490 820 2551 titulares
844 2492 1000 2569 Episcopos
1024 2490 1065 2551 ita
1086 2490 1186 2549 animo
1208 2505 1271 2549 esse
1294 2494 1494 2565 comparatos,
1519 2493 1553 2546 ut

475 2568 571 2629 eidem
594 2570 739 2649 Religioni
756 2572 856 2633 omnia
877 2572 1034 2644 sacrificia,
1057 2589 1091 2631 ac
1111 2571 1156 2631 rel
1177 2570 1271 2649 ipsam
1286 2586 1408 2629 suorum
1433 2567 1553 2629 Scdium

474 2650 703 2730 resignationem
724 2653 810 2715 litere
831 2671 891 2715 non
916 2654 976 2715 sint
1000 2652 1191 2715 detrectaturi
1215 2650 1304 2731 (quod
1325 2648 1441 2728 jamdiu
1466 2668 1554 2728 qnnm

476 2733 596 2813 plurimi
610 2734 689 2794 inter
702 2736 780 2815 ipsos
792 2754 954 2814 numquam
973 2736 1043 2795 setis
1065 2732 1305 2795 commendandis
1317 2731 1425 2793 litteris
1440 2731 1479 2792 ad
1493 2749 1552 2792 rec.

475 2833 566 2876 mem.
596 2815 841 2880 Prmdececsorem
866 2819 1007 2879 Nostrum
1043 2815 1119 2878 datis
1151 2814 1200 2876 die
1226 2819 1244 2878 s
1271 2815 1340 2877 llnii
1368 2816 1443 2874 ltsl
1475 2814 1555 2875 ultro

476 2897 658 2976 obtulerunt)
679 2900 834 2979 predictos
856 2899 990 2960 titulares
1013 2915 1067 2977 per
1090 2904 1204 2960 nostras
1227 2895 1404 2976 Apostolions
1429 2895 1555 2956 Litteras

477 2979 681 3042 sollicitudinis
692 2983 791 3061 plenas
802 2980 1040 3057 adhortabimur,
1055 2989 1089 3040 ut
1100 2979 1234 3041 Ecclesiae
1243 2978 1326 3048 Paci,
1343 2987 1431 3055 etque
1443 2978 1555 3038 Unitati

478 3063 645 3134 consulant,
661 3063 964 3144 signilimbimusque,
989 3064 1047 3124 llos
1067 3061 1106 3122 nb
1126 3079 1229 3122 eornm
1250 3079 1309 3139 qua
1329 3060 1360 3120 in
1382 3058 1555 3138 religionem

478 3143 606 3225 flagrant
627 3143 785 3219 charitate,
807 3145 892 3206 firma
916 3144 1038 3217 fiducia,
1065 3161 1098 3204 ca
1120 3161 1187 3220 quse
1207 3143 1341 3222 superius
1363 3139 1441 3201 dicta
1467 3149 1552 3214 sunt,

479 3225 619 3287 sacrificio
632 3235 799 3306 expectere,
815 3247 854 3288 ne
865 3228 928 3306 ipss
942 3226 1063 3306 quidem
1074 3225 1195 3286 sedtum
1209 3223 1405 3304 resignatione
1418 3231 1552 3303 excepte,
1661 3213 1662 3294 J

477 3326 544 3385 quae
557 3307 690 3369 Ecclesiae
703 3309 813 3371 bonum
826 3309 964 3389 imperat.
985 3310 1048 3383 Qua
1062 3306 1229 3367 hortatione
1247 3306 1414 3385 premisso,
1434 3321 1555 3366 eomm-
1661 3311 1662 3320 ’

477 3406 536 3465 quc
549 3391 665 3468 cognita
678 3393 881 3469 responsione,
897 3408 986 3469 quam
1010 3389 1117 3450 nostris
1139 3387 1320 3448 conformem
1334 3386 1411 3447 rotis
1424 3384 1555 3448 futuram

478 3485 541 3530 esse
568 3471 648 3531 haud
673 3470 857 3541 dubitamus,
887 3477 1051 3550 opportuna
1074 3467 1171 3532 media
1196 3469 1419 3540 adhibebimus,
1446 3467 1553 3547 qnibns
1661 3487 1662 3534 l

478 3549 638 3628 Religionis
662 3552 739 3613 hono
766 3552 950 3623 consulatur,
982 3561 1070 3630 etque
1100 3560 1149 3624 ut,
1183 3569 1256 3612 nora
1285 3551 1556 3630 circumscriptione
1661 3551 1662 3610 3

477 3638 610 3711 peracta,
641 3634 781 3696 Gallicani
808 3633 950 3696 Gubernii
976 3641 1043 3694 vota
1070 3634 1263 3713 impleantur,
1290 3650 1410 3712 operum
1438 3633 1556 3712 impen-
1661 3661 1662 3720 ᾗ

480 3715 594 3774 demus.

520 3792 759 3873 drchiepiseopos
785 3801 900 3868 nutem,
929 3804 960 3856 et
985 3795 1140 3876 Episcopos
1164 3815 1248 3858 nerse
1275 3795 1555 3872 circumscriptionis
1661 3807 1662 3880 ζ

479 3875 658 3939 Dioecesibus
684 3877 900 3956 praeficiendos,
925 3880 1031 3940 Consul
1055 3879 1172 3940 Primus
1196 3876 1350 3940 Gallicane
1375 3876 1554 3954 Reipublicae
1661 3931 1662 3950 ξ

479 3957 660 4032 nominabit,
689 3959 962 4038 nominationesque
982 3959 1134 4021 exhibebit
1160 3961 1237 4021 intra
1263 3965 1324 4019 tres
1347 3975 1478 4029 menses,
1504 3959 1553 4036 qui
1661 4017 1662 4038 χ

468 4041 743 4121 promulgationem
755 4042 927 4122 Apostolicoe
938 4041 1159 4104 constitutionis
1172 4048 1397 4118 consequentur.
1412 4041 1473 4100 Nos
1486 4057 1554 4100 vem
1661 4041 1662 4060 ³

478 4123 584 4185 iisdem
598 4125 757 4185 nominatis
769 4124 983 4186 institutionem
1007 4124 1176 4184 cnnonicnm
1196 4122 1331 4184 dabimus
1344 4119 1431 4198 juxta
1446 4120 1554 4184 formas
1661 4133 1662 4194 g

478 4206 570 4267 rclate
590 4205 627 4268 nd
648 4206 755 4269 Gallias
773 4213 842 4269 onte
860 4205 1022 4287 Regiminis
1040 4205 1299 4268 commutationem
1320 4209 1455 4264 statutas.
