3575 5625
899 688 1121 757 —Qdd—

466 840 568 911 fidem
601 838 764 928 infuoare,
796 853 895 934 atque
940 836 1088 907 homines
1123 833 1310 905 abstrahere
1350 858 1368 903 a
1404 835 1547 903 veritate

467 953 624 1033 possent,
653 938 714 1005 uisi
743 949 862 1033 presto
893 949 975 1005 esset
1010 932 1137 1005 eertum
1167 932 1338 1029 fixumque
1364 930 1547 1028 judicium,

467 1034 558 1131 quod
586 1034 697 1104 fallere
726 1049 761 1104 et
792 1031 860 1102 tatii
884 1033 1001 1129 nequit
1023 1047 1057 1101 et
1088 1034 1141 1101 eui
1168 1046 1241 1100 tuto
1268 1028 1434 1100 adbaerere
1462 1053 1548 1124 pos·

467 1158 591 1202 sumus.
620 1130 731 1216 Quare
758 1129 820 1202 boo
840 1129 1005 1227 judicium
1037 1127 1146 1199 reddit
1174 1126 1337 1215 Ecclesia,
1366 1152 1440 1222 quae
1466 1151 1548 1196 oum

466 1254 610 1300 errorem
660 1229 801 1325 aliquem
845 1243 1013 1324 tamquam
1058 1227 1246 1298 baeretieum
1289 1222 1546 1312 condemnarit,

467 1328 613 1423 quisquis
639 1328 709 1423 ejus
743 1327 916 1397 sententiae
949 1323 1125 1396 obfirmato
1157 1327 1192 1393 in
1218 1347 1330 1394 errore
1356 1323 1467 1391 animo
1495 1346 1549 1390 re·

469 1427 564 1513 sistit,
589 1423 759 1494 baereticus
780 1438 830 1494 est
856 1422 923 1517 (9).

511 1642 552 1723 (Ι)
575 1646 613 1705 Ut
627 1644 692 1722 quis
706 1643 861 1704 baeretieus
875 1644 928 1718 sit,
948 1661 1064 1704 neeesse
1077 1651 1146 1717 est,x
1156 1641 1236 1720 quod
1250 1640 1366 1700 resistat
1386 1637 1454 1698 {idei
1468 1636 1548 1717 dog-

471 1727 542 1785 mati
566 1724 603 1785 ab
621 1726 738 1785 ecclesia
760 1734 888 1803 recepto.
912 1728 954 1786 Ex
976 1744 1035 1802 quo
1048 1723 1191 1798 efficitur,
1216 1730 1250 1781 ut
1268 1720 1423 1781 hereticus
1442 1718 1548 1779 baberi

471 1824 530 1866 non
549 1808 653 1886 possit,
674 1808 724 1885 qui
751 1808 903 1886 opiniones
926 1808 1075 1885 sequitur,
1098 1804 1258 1883 dequibus
1282 1802 1414 1864 nondum
1438 1800 1476 1861 ab
1497 1818 1549 1861 ec-

474 1887 559 1949 clesia
570 1888 714 1966 juditium
730 1888 823 1949 latum
837 1898 892 1950 est.

513 1970 555 2049 (2)
576 1970 724 2031 iudicium
746 1970 873 2029 ecclesie
900 1969 1077 2051 intelligitur
1096 1967 1243 2047 judicium
1268 1966 1470 2044 episcoporum
1495 1964 1548 2041 qui

473 2070 540 2110 eum
553 2051 673 2110 unitatis
690 2058 808 2125 centro,
833 2049 889 2110 boe
905 2059 949 2112 est
963 2070 1032 2112 euru
1056 2067 1172 2110 summo
1188 2046 1330 2110 Pontifice
1347 2046 1546 2106 consentiunt.
1670 2097 1672 2100 .

474 2134 546 2192 Nam
565 2130 596 2190 hi
616 2132 764 2191 ecelesiam
787 2130 920 2192 efficiunt
943 2152 1031 2211 quam
1050 2129 1198 2193 &centon
1221 2138 1272 2190 aut
1291 2136 1439 2211 repentem
1452 2128 1550 2206 appel·

473 2212 583 2287 lamus,
596 2221 625 2271 et
637 2211 782 2292 quidquid
796 2213 833 2273 ab
845 2214 916 2293 ipsis
928 2222 979 2273 aut
989 2213 1027 2274 de
1037 2212 1112 2288 fide,
1128 2220 1179 2272 aut
1193 2211 1230 2271 de
1244 2211 1375 2271 moribus
1389 2207 1547 2269 definitum
1670 2226 1672 2229 ’

474 2301 530 2367 est,
548 2294 625 2371 apud
640 2313 742 2353 omnes
764 2296 895 2355 veritatis
913 2296 975 2356 loeo
989 2313 1051 2355 esse
1079 2294 1177 2355 debet.
1198 2291 1257 2355 Sed
1280 2294 1332 2370 qui
1346 2309 1424 2370 egre
1447 2290 1550 2350 ierunt
1670 2317 1672 2322 ·

472 2374 600 2434 ecclesie
610 2375 771 2452 judicium,
786 2375 866 2454 quod
878 2378 939 2436 suis
953 2375 1104 2437 erroribus
1120 2374 1321 2435 adversarium
1343 2372 1469 2431 maxime
1484 2389 1550 2431 esse

473 2455 620 2534 sentiunt,
647 2474 682 2516 eo
704 2474 767 2516 rem
792 2455 939 2518 adducam
963 2466 1122 2533 conantur,
1145 2464 1178 2517 ut
1205 2456 1254 2516 vix
1279 2471 1409 2532 unquam
1433 2461 1550 2513 certum

474 2544 561 2613 atque
578 2536 760 2615 exploratum
774 2538 902 2599 ecelesiae
912 2538 1057 2617 judicium
1078 2556 1142 2599 essa
1154 2537 1255 2617 possit.
1269 2537 1355 2598 Mitto
1368 2534 1550 2612 antiquiores
1670 2521 1672 2590 ἐ

476 2617 625 2678 iraeretieos
661 2622 849 2688 Montanum,
882 2622 1064 2695 Donatistas,
1106 2618 1289 2693 Nestorium,
1325 2615 1549 2691 iconomachos,
1670 2655 1672 2694 :

475 2698 649 2775 wisteren,
678 2700 840 2763 lutherum
870 2701 1002 2779 aliosque
1025 2701 1148 2764 similes.
1177 2703 1291 2763 Nostrae
1311 2699 1404 2759 aetatis
1431 2697 1550 2759 sectarii
1670 2707 1672 2778 ξ

475 2782 658 2860 potissimum
670 2791 834 2860 sequuntur
844 2787 989 2847 ioannem
1000 2782 1040 2845 du
1055 2787 1183 2865 verger,
1200 2781 1350 2843 bominem
1359 2780 1429 2841 satis
1443 2787 1552 2840 uotum
1670 2793 1672 2849 ξ

475 2863 594 2923 numine
615 2864 728 2925 abbatis
747 2867 921 2948 Sancyrani,
945 2885 1033 2944 quem
1054 2883 1090 2926 ex
1110 2865 1277 2925 testimonio
1302 2866 1333 2924 S.
1360 2861 1509 2924 vincentii
1533 2882 1551 2922 a
1670 2882 1672 2923 ῑ

475 2945 576 3020 Paulo,
592 2954 621 3006 et
635 2947 833 3007 cisterciensis
847 2947 961 3008 abbatis
974 2945 1214 3010 ioannisiovaud
1229 2945 1267 3006 de
1281 2944 1405 3019 eriere,
1422 2942 1551 3003 ecelesiae
1670 2948 1672 2953 '

474 3025 637 3102 defectum,
661 3037 690 3087 et
713 3037 914 3107 contemptum
933 3029 1047 3089 concilii
1061 3027 1244 3102 Tridentini,
1272 3024 1352 3103 quod
1378 3025 1441 3104 ipse
1465 3023 1551 3086 sebo·

474 3108 642 3169 iasticorum
661 3118 768 3170 oretum
788 3110 967 3190 appellabat,
989 3111 1106 3189 pietatis
1121 3110 1307 3170 simulatione
1325 3107 1463 3167 omuibus
1480 3123 1550 3186 per·

476 3190 599 3254 suadere
613 3190 738 3254 voluisse
752 3201 874 3254 constat.
892 3193 928 3254 Hi
945 3192 1086 3252 nimirum
1100 3200 1169 3252 sunt
1183 3191 1328 3250 verissimi
1342 3189 1444 3258 hostes
1456 3187 1552 3248 cccle-

475 3271 541 3345 sira,
563 3271 632 3330 licet
648 3275 677 3332 in
700 3281 819 3334 externa
846 3274 908 3352 ejus
927 3273 1133 3334 communione
1156 3273 1271 3346 vivant,
1294 3288 1422 3347 quornm
1443 3269 1550 3330 animis

474 3350 532 3410 alte
548 3349 663 3413 herent
675 3372 804 3430 errores,
820 3373 893 3432 quos
908 3355 1015 3416 litteris
1038 3353 1217 3416 mandarunt
1238 3353 1393 3415 iansenius
1407 3360 1438 3414 et
1456 3354 1551 3427 Quas·

476 3431 586 3506 neilus,
614 3452 745 3511 quosque
766 3435 849 3496 sedes
875 3438 1039 3514 Apostolica
1062 3442 1093 3496 et
1112 3452 1269 3496 cousensus
1291 3439 1382 3498 totius
1400 3432 1552 3496 catholiam

475 3511 603 3576 eeclesias
616 3514 833 3578 condemnavit.
857 3516 977 3579 Audeat
1000 3517 1033 3578 hi
1047 3516 1182 3579 homines
1196 3516 1234 3577 ab
1247 3515 1304 3577 boc
1312 3516 1426 3596 judicio
1448 3531 1553 3594 provo

475 3611 557 3668 care,
577 3595 684 3655 sedne
708 3598 835 3657 ecclesie
854 3600 1021 3660 auctoritati
1040 3606 1070 3658 et
1088 3598 1231 3660 doetrinae
1251 3597 1440 3678 impudenter
1457 3595 1553 3658 obsis-

475 3681 538 3734 tere
557 3677 729 3748 videantur,
744 3696 778 3738 ea
791 3677 964 3741 diverticula
980 3689 1133 3758 quaerunt,
1149 3688 1184 3740 ut
1203 3698 1262 3740 non
1281 3680 1356 3740 iilud
1371 3699 1435 3740 esse
1448 3677 1552 3738 videa-

476 3763 526 3814 tur
546 3765 659 3818 oertum
680 3758 804 3837 fallique,
819 3761 950 3822 nescium
970 3761 1098 3824 ecclesie
1117 3762 1280 3840 judicium,
1294 3760 1374 3840 quod
1399 3759 1552 3822 oa‘tboiieis

476 3839 613 3901 omuibus
626 3857 728 3900 revera
742 3848 797 3900 est.
813 3843 946 3902 Primum
955 3842 1047 3923 igitur
1058 3847 1198 3905 Romanae
1208 3843 1335 3904 ecclesie
1345 3842 1553 3903 auctoritatam

476 3924 508 3984 in
530 3920 687 3982 discrimen
704 3932 857 3998 revocant,
877 3924 987 3984 deiude
1005 3942 1076 3985 vero
1097 3926 1139 3988 sic
1152 3931 1302 4000 statuunt,
1317 3923 1468 3984 eoeiesiam
1483 3923 1553 4002 qni-

477 4005 544 4066 dem
564 4003 595 4063 in
609 4003 721 4084 synodo
743 4013 948 4086 congregatam
962 4007 1055 4066 errori
1078 4006 1159 4067 haud
1177 4006 1311 4083 subesse,
1336 4023 1396 4066 nou
1415 4007 1487 4066 item
1502 4023 1552 4064 ec-

476 4089 591 4148 elesiam
606 4103 659 4164 per
674 4093 769 4146 totum
783 4087 884 4148 orbem
908 4085 1045 4148 diffusam
1060 4097 1148 4167 atque
1162 4087 1341 4168 dispersam,
1366 4089 1425 4148 nisi
1444 4087 1553 4147 unani·

476 4171 532 4232 nris
555 4169 870 4231 omniumconsansus
893 4168 1032 4248 idemque
1054 4170 1205 4231 absolutus
1229 4170 1277 4230 sit.
1299 4174 1345 4232 De
1363 4168 1411 4230 bis
1434 4168 1552 4230 duobus

476 4253 642 4332 paulopost
659 4249 770 4330 dieam3
788 4270 867 4316 nune
881 4260 976 4316 cetera
993 4270 1168 4332 prosequar,
1183 4269 1251 4330 quae
1273 4260 1343 4314 sunt
1366 4249 1551 4329 hujusmodi.
