3575 5625
728 677 924 750 „77-

272 824 410 911 judicem
433 823 558 886 initium
575 819 613 886 tn
636 841 699 885 noc
719 832 885 907 cerepum,
906 823 962 886 hcc
982 835 1028 888 est
1049 845 1118 888 cum
1144 827 1277 890 nondum
1300 837 1364 892 erut

279 915 459 984 contestato,
479 914 509 968 et
527 923 598 968 vero
618 906 643 966 si
661 914 778 986 posteo,
801 915 958 968 contumax
978 907 1044 970 lieri
1062 909 1181 972 dicitur.
1203 911 1364 992 vulgarem

280 990 359 1052 hunc
372 989 593 1051 distinctionem
607 987 686 1048 ridet
700 988 889 1051 Gonzclezius
903 989 937 1050 in
952 1008 1018 1074 cop.
1037 989 1103 1052 dde
1118 988 1178 1052 dol.
1193 1001 1361 1054 contumac.

278 1072 337 1134 lroc
357 1073 453 1134 fretus
468 1075 659 1152 argumento,
677 1069 758 1148 quod
777 1089 845 1132 cum
863 1071 987 1135 reusch
1006 1079 1104 1133 nctorc
1126 1081 1244 1135 vocotus
1265 1076 1295 1136 in
1311 1073 1362 1154 ju·

280 1155 392 1216 dicium
410 1154 508 1228 venit,
520 1153 556 1213 lis
581 1158 741 1213 contestata
757 1151 947 1233 intelligitur,
972 1155 1128 1232 quonium,
1143 1156 1281 1217 canonico
1303 1155 1360 1218 sol·

279 1243 342 1297 tem
354 1235 441 1315 jure,
461 1233 566 1295 octonis
586 1251 620 1294 ac
634 1235 677 1294 rei
692 1234 846 1312 presentia
867 1253 927 1294 non
945 1236 1126 1314 requiritur,
1146 1243 1180 1296 ut
1197 1235 1233 1295 lis
1246 1246 1363 1300 contus·

280 1325 341 1378 tntu
362 1315 526 1392 honestum
548 1323 578 1375 et
596 1315 663 1376 ideo
684 1313 749 1376 lieri
766 1333 824 1376 non
844 1323 955 1394 potest,
976 1315 1058 1395 quod
1076 1323 1158 1376 octor
1175 1335 1234 1377 non
1247 1325 1363 1381 coum

280 1407 341 1460 toln
366 1400 420 1460 lite
445 1405 602 1458 contumax
626 1395 740 1458 erodat.
765 1398 848 1460 lllam
865 1406 965 1459 nutem
992 1397 1158 1474 Nouellum,
1176 1399 1259 1478 cujus
1285 1417 1363 1462 nunc

283 1481 359 1542 lemn
374 1481 486 1542 mentio
500 1487 560 1554 est,
576 1479 617 1540 itu
632 1479 843 1558 interpretetur
860 1479 1064 1556 (tumuerim,
1082 1499 1119 1541 er
1138 1487 1222 1559 porte
1246 1489 1362 1543 tontum

282 1563 407 1638 actoris,
426 1579 486 1622 non
505 1562 593 1622 etium
616 1578 653 1622 ex
672 1569 756 1640 porte
776 1561 836 1639 rei,
858 1561 941 1622 litem
959 1569 1149 1623 contestatum
1169 1561 1274 1638 luisse,
1293 1581 1361 1624 cnm

281 1651 363 1705 octor
377 1643 480 1704 obesse
493 1643 596 1724 ooepit,
611 1661 677 1722 quse
690 1643 861 1722 imperfecta
876 1643 1012 1722 qundnm
1029 1644 1201 1705 contestatio
1222 1653 1281 1720 cst3
1296 1653 1363 1708 tum

283 1726 315 1786 in
333 1725 382 1805 jus
403 1725 541 1786 veniente
564 1731 593 1784 et
613 1724 720 1786 actoris
739 1724 874 1804 petitioni
898 1724 1096 1804 respondente
1119 1743 1186 1803 reo,
1208 1743 1275 1786 cunr
1299 1727 1363 1806 ipse

283 1815 366 1870 octor
381 1806 516 1884 obesset,
542 1807 782 1868 contestationem
804 1807 894 1868 luisse
916 1806 1086 1886 perlectum.
1113 1805 1172 1868 Sed
1198 1823 1274 1887 nepo
1296 1807 1362 1870 lieri

283 1907 347 1951 non
364 1906 463 1968 posse,
479 1887 559 1967 quod
577 1895 674 1965 actor,
698 1889 835 1950 veniente
853 1888 885 1948 in
899 1886 1047 1966 judicium
1064 1905 1133 1960 reo,
1158 1895 1228 1948 onte
1248 1897 1364 1950 mutes·

283 1979 376 2032 tntum
389 1971 473 2031 litem
492 1977 648 2031 contumax
668 1969 719 2031 sit.
737 1973 812 2034 Nam
830 1969 911 2031 eliud
934 1977 979 2030 est
1000 1969 1161 2031 vadimonii
1179 1977 1211 2030 et
1227 1970 1284 2030 clio
1301 1970 1363 2032 litis

283 2059 453 2114 contestato
473 2051 612 2124 desertio.
636 2053 725 2112 Actor
747 2059 826 2113 certo
848 2051 897 2112 die
917 2069 1004 2112 reum
1036 2051 1068 2112 in
1087 2051 1234 2130 judicium
1261 2061 1360 2128 vocnt,

283 2133 367 2194 venit
382 2132 503 2213 quidem
516 2150 603 2210 reus,
622 2151 682 2194 non
705 2133 776 2194 item
797 2141 892 2210 nct0r3
914 2131 965 2194 hic
986 2131 1107 2212 quidem
1121 2131 1256 2194 deserete
1277 2133 1362 2196 vedi-

283 2216 420 2278 mcnium
437 2215 562 2292 dicitur,
584 2232 643 2275 non
659 2215 741 2276 litem
756 2222 957 2276 contestatum.
972 2218 1046 2278 Nom
1060 2214 1187 2276 desertio
1200 2215 1361 2276 vadimonii

283 2305 330 2359 est
343 2296 471 2358 desertio
486 2297 702 2377 promissionis,
714 2296 826 2375 judicio
841 2297 965 2358 sistendi
978 2315 1084 2372 muso,
1103 2297 1185 2358 inme
1199 2306 1267 2358 note
1278 2297 1362 2358 litem

283 2386 476 2440 contestatum
501 2380 537 2440 t.
561 2377 627 2460 is.
647 2379 827 2458 mnodum,
847 2386 875 2440 ct
895 2380 968 2440 Μ
992 2377 1019 2460 S.
1041 2381 1055 2440 l
1082 2377 1116 2473 ff.
1137 2378 1173 2440 Si
1175 2395 1254 2520 dm
1279 2386 1361 2440 caut.

281 2463 393 2524 eontra
410 2461 472 2521 litis
489 2467 656 2522 contestatus
674 2459 801 2522 desertio
823 2467 867 2520 est
888 2460 1015 2522 desertio
1036 2460 1128 2540 ipsios
1140 2459 1174 2538 ju
1197 2460 1262 2536 icii,
1281 2459 1362 2538 quod

280 2544 345 2620 jam
373 2543 584 2604 contestatione
601 2543 676 2614 litis,
699 2542 756 2604 hoc
779 2548 823 2603 est
843 2541 920 2603 clarc
944 2542 1051 2603 actoris
1074 2542 1216 2620 petitione
1238 2550 1362 2620 optoque

281 2625 328 2685 rei
347 2626 538 2703 responsione
554 2625 746 2685 constitutum
769 2623 980 2704 lirmntumque
1001 2632 1057 2685 est.
1078 2626 1151 2700 Qun
1164 2623 1227 2684 litis
1246 2631 1363 2684 contes-

283 2714 355 2768 tete
369 2705 497 2766 desertio
512 2705 721 2767 eremodicium
738 2705 863 2784 dicitur;
880 2707 960 2784 quod
974 2715 1005 2768 ct
1018 2712 1117 2766 uetere
1129 2712 1159 2764 et
1172 2723 1224 2766 reo
1243 2705 1363 2766 absente

281 2786 486 2865 contrahitur,
505 2789 541 2850 t.
560 2791 599 2850 to
615 2786 642 2869 S.
666 2787 721 2851 Sin
741 2795 848 2863 autern,
864 2805 933 2852 ress
951 2785 1014 2853 cod.
1037 2784 1073 2848 de
1089 2784 1192 2849 ludio.
1210 2790 1253 2851 ltn
1271 2787 1364 2869 igitur

280 2870 432 2949 duplicem
452 2872 558 2932 actoris
575 2871 786 2933 contumaciam
810 2870 848 2931 ob
868 2870 1018 2933 desertum
1039 2868 1257 2946 vadimonium,
1277 2878 1307 2930 et
1323 2868 1362 2930 ob

280 2952 432 3013 desertum
452 2952 535 3013 litem
554 2960 759 3030 contestatum,
779 2960 809 3015 et
828 2953 948 3032 utrique
967 2952 1038 3016 huic
1057 2953 1248 3013 contumacis
1275 2952 1362 3012 dissi·

279 3034 362 3095 milis
376 3052 462 3114 poenn
477 3034 633 3095 constitum
651 3042 706 3095 est.

324 3114 368 3197 (ὅ)
391 3118 465 3198 Cup.
479 3118 497 3178 5
511 3114 547 3177 de
559 3114 620 3178 dol.
630 3124 848 3193 etcontumoc.,·
862 3114 897 3176 t.
913 3117 952 3176 to
965 3112 1003 3175 de
1013 3112 1113 3175 tute.

330 3268 360 3370 §.
401 3268 462 3341 lll.
495 3268 593 3355 Quod
624 3272 651 3341 si
690 3270 772 3341 obsit
802 3294 864 3367 per
901 3268 1141 3341 contumaciam
1186 3290 1277 3351 reus,
1319 3269 1362 3335 ri·

282 3367 433 3440 dendum
471 3384 538 3457 est,
574 3394 656 3439 num
694 3364 729 3437 id
760 3386 859 3457 onte,
890 3392 934 3438 sn
966 3380 1041 3463 post
1074 3362 1165 3435 litem
1197 3378 1363 3436 contesta-

280 3483 352 3537 tnm
380 3464 488 3535 facist.
526 3464 598 3536 Lite
627 3463 776 3539 nondum
814 3480 1013 3553 contestntn,
1052 3464 1087 3533 in
1122 3464 1248 3535 actione
1285 3462 1363 3533 reoli

282 3578 376 3635 nctor
403 3564 548 3633 mittitur
581 3566 616 3632 in
640 3565 872 3661 possessionem
905 3586 1036 3650 rernm,
1067 3557 1109 3630 de
1139 3560 1258 3658 quibus
1286 3584 1364 3631 eon·

283 3661 438 3733 troversia
464 3676 534 3747 est,
563 3662 599 3730 in
630 3663 758 3733 actione
785 3657 950 3757 personali
977 3660 1140 3749 mittitur,
1170 3682 1231 3754 pro
1262 3654 1363 3727 modo

171 3756 178 3767 '
284 3774 321 3829 et
347 3758 475 3829 ratione
501 3757 623 3847 debiti,
657 3760 692 3827 in
727 3759 958 3854 possessionem
991 3756 1154 3827 bonorum
1192 3752 1362 3825 mobilium

283 3858 385 3927 isius
421 3858 491 3945 rei,
524 3853 575 3926 rel
602 3854 843 3945 immobilium,
876 3880 953 3925 cum
982 3852 1072 3925 nulla
1105 3852 1237 3924 mobilia
1268 3865 1357 3921 sunt.

283 3880 371 4037 Euae
411 3953 565 4048 possessio
601 3952 698 4023 datur
739 3978 778 4023 ex
812 3953 921 4049 primo
960 3966 994 4022 et
1031 3950 1173 4021 mondo
1215 3948 1358 4019 decreto.

282 4050 389 4120 Primi
414 4049 538 4122 decreti
567 4053 722 4147 possessio
752 4065 881 4120 tantum
914 4047 1059 4121 custodio
1094 4064 1141 4119 est
1172 4046 1250 4211 Si),
1281 4066 1362 4137 quo

285 4150 375 4217 niam
402 4172 439 4219 en
463 4148 653 4219 conceditur
681 4152 728 4219 rei
753 4146 921 4219 servendae
944 4162 977 4216 et
1001 4144 1169 4217 custodien
1195 4166 1222 4213 ae
1244 4164 1359 4227 causo,

286 4262 386 4342 atque
421 4262 511 4318 octor
548 4272 616 4318 non
643 4246 815 4333 dominus,
847 4244 903 4318 sed
942 4258 1073 4314 tontum
1114 4254 1220 4311 custos
1263 4236 1363 4309 effici·
