3575 5625
719 693 942 764 -229-

286 853 355 908 cat.
386 835 510 908 Verum
540 864 607 910 non
635 865 698 937 pro
730 843 844 937 quovis
863 841 999 910 crimine
1028 837 1161 910 clericus
1188 837 1230 910 de
1263 838 1368 937 gradu

287 935 507 1006 dimovendus
556 953 656 1036 atque
705 964 745 1010 ex
792 935 1003 1010 ecclesiastica
1051 935 1216 1034 republica
1263 935 1371 1032 expel-

286 1032 409 1104 lendus
445 1050 506 1104 est.
545 1033 622 1108 Non
659 1039 748 1108 enim
778 1037 888 1108 emnia
927 1033 1064 1106 crimina
1128 1035 1192 1104 aria
1229 1050 1305 1104 sunt
1335 1049 1370 1102 et

286 1132 441 1227 iniquum
478 1150 577 1230 atque
614 1132 795 1206 absurdunt
834 1148 917 1204 esset
957 1157 1070 1230 parem
1103 1059 1287 1202 levioribus
1332 1145 1367 1200 et

285 1254 403 1324 parem
443 1231 523 1302 item
565 1231 813 1303 immanioribus
852 1229 1045 1302 criminibus
1084 1253 1218 1398 planam
1249 1229 1370 1300 consti·

285 1343 396 1396 tuere.
428 1324 464 1395 Si
489 1329 606 1426 ejectio
640 1330 746 1400 clerici
773 1355 792 1400 e
833 1328 999 1425 republica
1035 1353 1090 1400 ecc
1104 1327 1246 1398 esinatica
1276 1349 1372 1420 poena

285 1439 342 1492 est
377 1427 559 1517 gravissima
610 1431 781 1516 omnium,
829 1453 910 1524 quas
949 1425 1081 1498 ecclesia
1130 1423 1284 1512 adhibet,
1336 1447 1372 1490 ac

286 1537 422 1590 tantum
457 1524 670 1596 atrocioribus
707 1525 898 1596 criminibus
934 1538 1113 1612 reservata,
1152 1544 1220 1591 non
1255 1517 1368 1590 eadem

207 1697 216 1708 ‚
286 1634 380 1688 certa
471 1647 512 1690 na
554 1621 749 1718 plectendus
790 1638 840 1692 cst
871 1620 1027 1703 clericus,
1064 1621 1123 1716 qui
1161 1617 1261 1688 levius
1294 1615 1372 1685 deli·

289 1719 379 1811 quit.
439 1745 515 1788 nare
541 1721 568 1788 is
589 1719 724 1814 quidem
753 1716 945 1790 afficiendus
975 1733 1023 1790 est
1058 1741 1177 1814 poena3
1208 1713 1264 1784 sed
1295 1739 1370 1784 cum

283 1815 418 1884 crimen
454 1833 521 1884 tam
560 1841 658 1909 grave
704 1842 773 1887 non
794 1819 855 1902 sit,
891 1831 929 1884 ut
952 1839 1049 1911 poena
1086 1809 1295 1908 perducenda
1328 1813 1373 1876 ri·

285 1910 411 1980 deutur
455 1911 495 1980 ad
534 1937 700 1983 summum
737 1913 900 2008 gradum,
931 1915 988 2006 qui
1016 1913 1045 1982 ei
1074 1913 1130 2007 jus
1163 1911 1261 2005 eripit
1298 1909 1374 1977 civis

282 2008 483 2103 reipublice
525 2008 761 2096 ecclesiasticae,
801 2007 990 2106 puniendus
1037 2023 1084 2078 est
1125 2032 1143 2074 a
1184 2004 1367 2102 republica,

283 2103 335 2173 ad
362 2131 460 2200 quam
489 2108 631 2200 pertinet
655 2123 690 2178 et
713 2110 805 2205 cujus
828 2108 967 2202 irnperio
986 2103 1169 2203 subjicitur.

342 2199 374 2300 §.
406 2203 482 2274 ΧΠ.
530 2206 641 2299 Atque
684 2205 752 2276 baec
789 2229 918 2300 semper
966 2202 1028 2274 luit
1068 2199 1286 2274 ecclesiasticas
1337 2215 1371 2268 et

282 2298 391 2368 civilis
435 2300 624 2397 reipublicae
665 2301 857 2388 concordia3
912 2318 1051 2398 utraque
1102 2325 1193 2370 suam
1241 2322 1370 2393 semper

286 2395 406 2467 habuit
444 2400 479 2467 in
516 2398 702 2469 coercendis
748 2399 941 2471 criminibus
991 2411 1208 2496 potestatem,
1263 2419 1372 2488 neque

285 2518 439 2589 unquam
481 2495 581 2566 altera
619 2495 753 2567 alteram
791 2495 1013 2593 perturbavit,
1053 2510 1111 2564 aut
1153 2493 1250 2580 lecit,
1282 2489 1373 2586 quod

285 2591 417 2662 crimen
456 2591 590 2689 aliquod
634 2593 778 2663 inultum
826 2595 1096 2690 impunitumque
1133 2591 1367 2662 dimitteretur.

286 2685 403 2758 Civilis
434 2688 615 2786 respublica
643 2690 742 2761 babet
775 2715 827 2760 res
865 2715 903 2762 ac
932 2715 1086 2787 personas
1115 2713 1207 2772 suas3
1239 2702 1273 2756 et
1301 2711 1372 2754 suas

287 2788 372 2855 item
407 2814 457 2857 rer
508 2814 547 2857 ae
592 2814 745 2886 personas
786 2787 886 2859 habet
925 2786 1105 2884 respublica
1144 2785 1369 2867 ecclesiastica,

286 2907 372 2979 qoae
404 2888 473 2955 sine
500 2885 563 2954 illis
598 2910 670 2955 vera
697 2912 735 2955 ac
757 2884 900 2981 perlecta
936 2883 1116 2981 respublica
1157 2884 1268 2953 baberi
1302 2906 1368 2951 nou

287 2999 412 3077 posset.
464 2982 551 3053 Laiei
586 3008 699 3054 omnes
741 2984 910 3077 pertinent
942 2982 984 3051 ad
1027 2982 1154 3053 civilem
1193 2977 1371 3072 rempubli-

287 3104 384 3167 cam,
417 3079 525 3150 clerici
559 3079 598 3148 ad
628 3079 894 3166 ecclesiasticam,
937 3082 1092 3175 quoniam
1140 3076 1173 3145 hi
1216 3091 1293 3143 sunt
1331 3076 1374 3141 ci-

288 3201 367 3265 ves,
402 3204 442 3246 ex
469 3176 588 3273 quibus
615 3177 669 3249 hae
696 3176 773 3249 duae
802 3176 995 3272 respublicae
1028 3172 1232 3247 efficiuntur.
1264 3168 1370 3239 Civilis

289 3274 481 3369 reipublicae
516 3279 646 3371 propria
679 3291 758 3343 sunt
787 3278 917 3355 omnia,
937 3274 1040 3343 civilia
1078 3274 1230 3365 negotia,
1276 3270 1371 3363 quid·

290 3370 376 3465 quid
401 3398 452 3442 res
477 3398 602 3461 sacras,
633 3389 690 3442 aut
722 3371 847 3442 divinas
882 3374 1034 3468 respicit,
1068 3383 1198 3439 tantum
1226 3367 1368 3439 ecclesiae

288 3467 404 3539 subeat
432 3472 596 3567 potestati.

342 3562 372 3664 3.
397 3566 488 3638 Xlll.
519 3566 643 3639 Verum
682 3571 831 3663 negotia,
870 3592 945 3663 quae
982 3592 1039 3637 sua
1077 3562 1187 3637 indole
1230 3580 1263 3633 et
1304 3589 1367 3633 na·

288 3681 368 3733 tura
395 3668 527 3761 propria
560 3682 665 3737 essent
698 3666 797 3737 civilis
824 3663 1032 3760 reipublice,
1060 3688 1146 3761 saepe
1172 3660 1260 3734 fiunt
1289 3662 1371 3731 sub·

281 3768 376 3865 jecta
418 3761 608 3859 reipublicae
650 3763 889 3851 ecclesiasticae,
940 3764 1095 3858 quoniam
1147 3761 1176 3831 ei
1232 3758 1370 3831 subsunt

287 3886 463 3961 personat,
500 3884 641 3956 quarum
676 3885 713 3931 ea
753 3862 882 3955 negotia
919 3878 1007 3933 sunt.
1051 3859 1158 3932 Nemo
1189 3860 1276 3929 enim
1312 3852 1368 3923 ali-

287 3962 386 4058 cujus
417 3960 586 4053 negotium
620 3957 774 4055 expedire
805 3983 883 4029 cum
908 3958 1044 4055 irnperio
1080 3972 1114 4027 et
1143 3953 1370 4053 jurisdictione

286 4073 421 4159 potest,
455 4059 515 4127 nisi
552 4058 587 4127 in
621 4082 793 4153 personam
825 4054 943 4127 habeat
981 4070 1187 4153 potestatem.
1229 4048 1278 4117 lta
1312 4049 1371 4116 cti·

286 4160 404 4245 mina,
445 4178 520 4250 quae
551 4169 686 4250 propter
723 4171 875 4227 naturam
916 4180 1007 4225 suam
1037 4178 1055 4223 a
1087 4150 1171 4222 cirili
1203 4140 1368 4240 republica

285 4251 455 4327 noscenda
505 4250 738 4349 puniendaque
793 4267 919 4339 essent,
970 4246 1113 4323 ecclcsiae
1161 4238 1368 4317 animadver-
