3575 5625
992 605 1210 676 -5ot-

565 765 717 820 vertantur
736 756 766 816 iu
787 757 931 817 triticum.
956 755 1041 832 Quod
1064 756 1089 816 si
1112 773 1170 816 uon
1188 756 1362 836 resipisount,
1386 763 1514 816 sorrentu
1533 777 1570 818 suo

561 840 670 920 judici,
691 839 739 900 eui
754 855 853 918 ponas
866 837 979 899 dabunt
998 837 1194 917 aliquando.»
1218 841 1307 914 Quem
1327 855 1443 898 errorem
1459 838 1572 898 damurrit

565 921 694 1002 synodus
708 919 882 982 senonensis
895 937 943 980 en.
962 921 1056 996 tots,
1072 927 1141 984 tom
1160 921 1196 980 ll)
1214 939 1290 982 eoos.
1306 916 1358 981 ool.
1381 921 1451 980 urs
1468 919 1508 981 sit.
1523 916 1571 980 roll.

565 1084 980 1148 n,
1268 1021 1573 1145 rr,

566 1125 973 1312 wolffrioiollm
988 1164 1024 1228 de
1045 1104 1223 1228 stabianus
1243 1105 1300 1249 pri
1320 1163 1452 1228 terasso
1470 1163 1573 1226 morui-

613 1421 645 1522 §.
685 1421 744 1492 tx.
787 1419 886 1508 Quod
935 1423 960 1492 si
1004 1422 1103 1519 aliqui
1146 1423 1346 1520 inquisitores
1386 1419 1501 1488 suerunt
1536 1413 1573 1486 sli-

567 1519 713 1619 quondo,
766 1522 824 1616 qui
859 1535 916 1590 aut
955 1519 1106 1618 decepti,
1140 1537 1196 1590 aut
1227 1519 1407 1590 auctoritate
1441 1541 1488 1586 sua
1514 1513 1576 1583 abusi

566 1636 661 1708 sunt,
694 1617 730 1688 id
763 1618 898 1714 quidem
930 1621 1026 1690 unius
1059 1618 1228 1690 alteriusve
1260 1618 1408 1704 hominis,
1447 1639 1501 1684 uon
1538 1611 1573 1678 tri·

561 1717 693 1788 bunalis
726 1718 842 1787 vitium
880 1733 941 1788 est.
978 1716 1080 1790 Fuere
1127 1717 1250 1813 pluries
1291 1741 1329 1786 ex
1368 1709 1574 1808 magistratibus,

567 1818 624 1914 qui
665 1818 701 1885 in
748 1817 869 1886 civium
912 1817 1088 1912 perniciem
1139 1829 1368 1886 converterunt
1411 1823 1575 1910 potestaten,

567 1939 667 2013 quam
699 1916 733 1984 in
775 1938 889 1984 eorum
923 1911 1096 1986 utilitatem
1125 1929 1327 2012 aeceperunt.
1369 1911 1417 1981 An
1446 1907 1506 1979 ideo
1534 1929 1578 1972 nt·

566 2015 717 2108 gistratus
749 2035 862 2082 omnes
900 2009 1101 2109 abrogandos
1141 2011 1297 2109 putabis?
1334 2008 1444 2082 Munus
1476 2003 1576 2100 inquisi-

567 2114 645 2183 toris
671 2134 798 2205 semper
832 2111 1048 2182 committitur
1086 2111 1178 2200 viris,
1209 2135 1350 2208 quorum
1383 2121 1505 2204 spectata
1538 2099 1578 2168 bu·

567 2208 665 2278 betur
694 2208 861 2303 integritas
884 2223 984 2306 atque
1014 2208 1187 2296 doctrine,
1217 2211 1243 2279 si
1282 2210 1354 2306 quis
1384 2207 1459 2276 lorte
1483 2222 1577 2281 eorum,

569 2308 626 2404 qui
657 2321 726 2375 tum
755 2308 842 2399 gravi
869 2305 1052 2401 funguntur
1083 2323 1240 2397 munere,
1276 2306 1350 2377 huie
1382 2303 1479 2388 deest,
1511 2319 1581 2402 supej

568 2406 635 2474 rior
666 2418 788 2492 exstat,
825 2405 918 2500 eujus
948 2405 1085 2502 imperio
1122 2419 1156 2476 et
1192 2407 1380 2477 auctoritate
1411 2401 1499 2474 omnis
1526 2389 1581 2503 malt

568 2527 661 2572 causa
700 2516 902 2592 remoretur,
942 2517 975 2573 et
1009 2504 1066 2600 qui
1108 2528 1200 2600 psres
1231 2527 1325 2575 noxae
1367 2525 1467 2598 poeues
1497 2503 1582 2590 repelli

570 2599 611 2669 ab
649 2599 910 2696 inquisitoribus,
954 2603 1012 2698 qui
1045 2620 1117 2672 'suo
1167 2601 1298 2674 muneri
1344 2599 1497 2671 defuerunt
1534 2587 1580 2686 (ll-

569 2697 696 2770 Alioubi
754 2723 829 2769 oum
872 2703 1061 2772 auctoritate
1098 2698 1180 2770 sedis
1228 2698 1419 2799 Apostolioae
1458 2709 1584 2764 assessores

570 2799 668 2868 etiam
704 2796 833 2869 adstent
863 2822 883 2868 e
925 2822 1062 2871 numero
1091 2795 1268 2891 laieorum,
1310 2822 1369 2899 per
1402 2818 1471 2895 quos
1500 2807 1583 2862 eorum

570 2921 721 3065 gupgue,
750 2920 825 2995 quse
850 2895 893 2965 ad
919 2896 1045 2969 oirilem
1068 2896 1304 2995 rempublicam
1336 2899 1500 2995 pertinent,
1528 2885 1583 2957 rstio

596 3020 614 3065 a
659 3010 722 3066 tur.

613 3168 654 3250 (l)
675 3168 751 3230 Vide
764 3169 948 3247 Eymerieum
962 3164 1063 3231 direct.
1077 3188 1149 3251 pur.
1165 3171 1183 3231 2
1198 3188 1264 3251 rap.
1284 3174 1298 3231 t
1318 3188 1387 3253 pop.
1407 3168 1458 3229 uu
1472 3158 1510 3225 etl.
1527 3158 1583 3246 litt·

573 3254 667 3328 1587,
692 3259 722 3312 et
753 3251 888 3331 pluribus
913 3249 977 3311 aliis
1001 3250 1086 3325 loeis,
1112 3251 1210 3330 ibique
1233 3256 1362 3334 Pegnam
1387 3260 1415 3312 et
1437 3245 1549 3309 Albitiuu
1567 3250 1586 3293 m

573 3332 623 3393 sit.
635 3332 765 3414 risposta
778 3330 832 3393 ull'
845 3332 951 3395 istoria
963 3329 1033 3395 oett’
1043 3332 1077 3395 dt
1089 3336 1125 3395 F.
1141 3331 1234 3396 Paolo
1242 3354 1318 3419 pag.
1337 3336 1376 3397 77
1389 3352 1445 3415 seq.

621 3484 652 3587 §.
674 3486 719 3558 Χ.
750 3488 808 3558 Est
832 3492 930 3560 etiam
960 3490 1215 3588 reprehensionis
1244 3518 1338 3563 esusa
1362 3491 1471 3589 injusta
1493 3498 1519 3555 et
1540 3480 1588 3545 iua-

573 3585 644 3675 nis,
680 3585 773 3682 ‘quod
799 3588 1003 3684 inquisitores
1033 3605 1111 3660 sunt
1134 3589 1315 3683 regulares,
1342 3593 1398 3759 gui
1435 3585 1507 3658 lorte
1535 3598 1588 3685 pat·

1374 3684 1496 3781 rinoipio
1534 3668 1586 3769 qffld

574 3796 660 3852 vetat
696 3807 860 3853 summum
898 3784 1111 3873 Pontificem,
1154 3789 1212 3884 qui
1247 3789 1395 3859 omnium
1431 3777 1589 3881 ecclesiarum

574 3905 685 3951 curam
714 3896 748 3950 et
774 3880 1022 3954 sollicitudinem
1051 3885 1153 3979 gerit,
1194 3912 1232 3957 ex
1266 3882 1461 3980 regularibus
1486 3870 1587 3949 familis

574 4004 648 4075 quae
683 3980 806 4075 optime
840 3978 882 4053 de
912 4006 948 4052 re
986 3980 1157 4055 christiana
1189 3985 1314 4055 meritm
1346 3998 1441 4069 suut,
1482 4000 1513 4047 ao
1533 3986 1591 4061 saepe

574 4076 713 4167 suuotae,
757 4103 832 4149 eum
869 4105 985 4175 magna
1021 4079 1117 4153 laude
1151 4107 1207 4153 sua
1233 4097 1266 4153 et
1306 4081 1442 4153 aliorum
1473 4070 1590 4176 utilitate,

573 4175 775 4273 amplissimis
811 4176 1073 4277 difficillimisque
1118 4178 1349 4276 legationibus,
1396 4177 1503 4270 eligere
1539 4182 1593 4233 ttt⁰⁵

574 3685 657 3754 tium
697 3683 810 3754 studiis
848 3684 953 3783 abripi
994 3712 1086 3783 posse
1129 3686 1291 3760 videntur.
