<?xml version="1.0" encoding="UTF-8"?>
<!DOCTYPE html PUBLIC "-//W3C//DTD XHTML 1.0 Transitional//EN"
    "http://www.w3.org/TR/xhtml1/DTD/xhtml1-transitional.dtd">
<html xmlns="http://www.w3.org/1999/xhtml" xml:lang="en" lang="en">
 <head>
  <title>
</title>
<meta http-equiv="Content-Type" content="text/html;charset=utf-8" />
  <meta name='ocr-system' content='tesseract 3.04.00' />
  <meta name='ocr-capabilities' content='ocr_page ocr_carea ocr_par ocr_line ocrx_word'/>
</head>
<body>
  <div class='ocr_page' id='page_1' title='image "./institutionumca01devogoog_0101.png"; bbox 0 0 3575 5625; ppageno 0'>
   <div class='ocr_carea' id='block_1_1' title="bbox 861 581 1058 651">
    <p class='ocr_par' dir='ltr' id='par_1_1' title="bbox 861 581 1058 651">
     <span class='ocr_line' id='line_1_1' title="bbox 861 581 1058 651; baseline -0.005 -14"><span class='ocrx_word' id='word_1_1' title='bbox 861 581 1058 651; x_wconf 69' lang='lat'><strong><em>..9⁹2-</em></strong></span> 
     </span>
    </p>
   </div>
   <div class='ocr_carea' id='block_1_2' title="bbox 421 726 1505 2524">
    <p class='ocr_par' dir='ltr' id='par_1_2' title="bbox 421 726 1505 2524">
     <span class='ocr_line' id='line_1_2' title="bbox 422 726 1490 813; baseline -0.008 -20"><span class='ocrx_word' id='word_1_2' title='bbox 422 732 549 812; x_wconf 84' lang='lat' dir='ltr'><strong>supplet.</strong></span> <span class='ocrx_word' id='word_1_3' title='bbox 568 735 644 794; x_wconf 87' lang='lat' dir='ltr'><strong>Sane</strong></span> <span class='ocrx_word' id='word_1_4' title='bbox 663 734 693 793; x_wconf 90' lang='lat' dir='ltr'><strong>in</strong></span> <span class='ocrx_word' id='word_1_5' title='bbox 708 734 742 793; x_wconf 90' lang='lat' dir='ltr'><strong>L.</strong></span> <span class='ocrx_word' id='word_1_6' title='bbox 762 733 796 793; x_wconf 78' lang='lat'><strong>51</strong></span> <span class='ocrx_word' id='word_1_7' title='bbox 814 730 848 813; x_wconf 75' lang='grc' dir='ltr'><strong>ῙῙ.</strong></span> <span class='ocrx_word' id='word_1_8' title='bbox 866 730 903 792; x_wconf 89' lang='lat' dir='ltr'><strong>de</strong></span> <span class='ocrx_word' id='word_1_9' title='bbox 919 729 1099 812; x_wconf 78' lang='lat' dir='ltr'><strong>Jurejurou.</strong></span> <span class='ocrx_word' id='word_1_10' title='bbox 1112 729 1254 807; x_wconf 86' lang='lat' dir='ltr'><strong>seriptum</strong></span> <span class='ocrx_word' id='word_1_11' title='bbox 1270 735 1335 787; x_wconf 86' lang='lat' dir='ltr'><strong>est:</strong></span> <span class='ocrx_word' id='word_1_12' title='bbox 1363 726 1490 788; x_wconf 76' lang='lat' dir='ltr'><strong>uSolent</strong></span> 
     </span>
     <span class='ocr_line' id='line_1_3' title="bbox 421 808 1492 892; baseline -0.007 -19"><span class='ocrx_word' id='word_1_13' title='bbox 421 831 499 892; x_wconf 83' lang='lat' dir='ltr'><strong>saepe</strong></span> <span class='ocrx_word' id='word_1_14' title='bbox 513 813 627 891; x_wconf 87' lang='lat' dir='ltr'><strong>judiees</strong></span> <span class='ocrx_word' id='word_1_15' title='bbox 641 816 670 874; x_wconf 88' lang='lat' dir='ltr'><strong>in</strong></span> <span class='ocrx_word' id='word_1_16' title='bbox 693 813 792 876; x_wconf 87' lang='lat' dir='ltr'><strong>dubiis</strong></span> <span class='ocrx_word' id='word_1_17' title='bbox 809 814 903 874; x_wconf 84' lang='lat' dir='ltr'><strong>causis</strong></span> <span class='ocrx_word' id='word_1_18' title='bbox 921 823 1021 874; x_wconf 82' lang='lat' dir='ltr'><strong>exaeto</strong></span> <span class='ocrx_word' id='word_1_19' title='bbox 1040 810 1232 890; x_wconf 86' lang='lat' dir='ltr'><strong>jurejurando</strong></span> <span class='ocrx_word' id='word_1_20' title='bbox 1249 808 1391 888; x_wconf 80' lang='lat' dir='ltr'><strong>judicare.</strong></span> <span class='ocrx_word' id='word_1_21' title='bbox 1418 834 1430 862; x_wconf 73' lang='lat' dir='ltr'><strong>a</strong></span> <span class='ocrx_word' id='word_1_22' title='bbox 1455 811 1492 868; x_wconf 84' lang='lat' dir='ltr'><strong>Et</strong></span> 
     </span>
     <span class='ocr_line' id='line_1_4' title="bbox 422 889 1494 969; baseline -0.007 -15"><span class='ocrx_word' id='word_1_23' title='bbox 422 895 454 954; x_wconf 90' lang='lat' dir='ltr'><strong>in</strong></span> <span class='ocrx_word' id='word_1_24' title='bbox 468 897 504 955; x_wconf 97' lang='lat' dir='ltr'><strong>L.</strong></span> <span class='ocrx_word' id='word_1_25' title='bbox 519 897 536 956; x_wconf 79' lang='lat'>5</span> <span class='ocrx_word' id='word_1_26' title='bbox 551 895 614 957; x_wconf 84' lang='lat' dir='ltr'><strong>eod.</strong></span> <span class='ocrx_word' id='word_1_27' title='bbox 633 894 667 958; x_wconf 87' lang='lat' dir='ltr'><strong>de</strong></span> <span class='ocrx_word' id='word_1_28' title='bbox 681 895 749 958; x_wconf 75' lang='lat' dir='ltr'><strong>rtet.</strong></span> <span class='ocrx_word' id='word_1_29' title='bbox 764 894 866 958; x_wconf 83' lang='lat' dir='ltr'><strong>credit.</strong></span> <span class='ocrx_word' id='word_1_30' title='bbox 883 893 1032 956; x_wconf 88' lang='lat' dir='ltr'><strong>habentur</strong></span> <span class='ocrx_word' id='word_1_31' title='bbox 1047 894 1128 954; x_wconf 79' lang='lat' dir='ltr'><strong>her:</strong></span> <span class='ocrx_word' id='word_1_32' title='bbox 1152 893 1279 969; x_wconf 78' lang='lat' dir='ltr'><strong>alnopia</strong></span> <span class='ocrx_word' id='word_1_33' title='bbox 1289 889 1494 968; x_wconf 87' lang='lat' dir='ltr'><strong>probationum</strong></span> 
     </span>
     <span class='ocr_line' id='line_1_5' title="bbox 423 968 1495 1057; baseline -0.007 -21"><span class='ocrx_word' id='word_1_34' title='bbox 423 993 477 1054; x_wconf 90' lang='lat' dir='ltr'><strong>per</strong></span> <span class='ocrx_word' id='word_1_35' title='bbox 487 976 617 1055; x_wconf 77' lang='lat' dir='ltr'><strong>judicem</strong></span> <span class='ocrx_word' id='word_1_36' title='bbox 633 978 826 1057; x_wconf 81' lang='lat' dir='ltr'><strong>jurejurando</strong></span> <span class='ocrx_word' id='word_1_37' title='bbox 840 995 887 1038; x_wconf 86' lang='lat' dir='ltr'><strong>res</strong></span> <span class='ocrx_word' id='word_1_38' title='bbox 902 977 997 1037; x_wconf 87' lang='lat' dir='ltr'><strong>decidi</strong></span> <span class='ocrx_word' id='word_1_39' title='bbox 1012 982 1137 1054; x_wconf 79' lang='lat' dir='ltr'><strong>oportet.</strong></span> <span class='ocrx_word' id='word_1_40' title='bbox 1154 1000 1167 1026; x_wconf 70' lang='lat' dir='ltr'><strong>a</strong></span> <span class='ocrx_word' id='word_1_41' title='bbox 1188 976 1254 1035; x_wconf 80' lang='lat' dir='ltr'><strong>iarn</strong></span> <span class='ocrx_word' id='word_1_42' title='bbox 1267 991 1336 1033; x_wconf 85' lang='lat' dir='ltr'><strong>vero</strong></span> <span class='ocrx_word' id='word_1_43' title='bbox 1350 995 1384 1035; x_wconf 81' lang='grc' dir='ltr'><strong>το</strong></span> <span class='ocrx_word' id='word_1_44' title='bbox 1397 968 1495 1031; x_wconf 83' lang='lat' dir='ltr'><strong>dubiis</strong></span> 
     </span>
     <span class='ocr_line' id='line_1_6' title="bbox 424 1049 1496 1142; baseline -0.005 -26"><span class='ocrx_word' id='word_1_45' title='bbox 424 1059 539 1134; x_wconf 80' lang='lat' dir='ltr'><strong>nausia,</strong></span> <span class='ocrx_word' id='word_1_46' title='bbox 556 1069 586 1120; x_wconf 89' lang='lat' dir='ltr'><strong>ot</strong></span> <span class='ocrx_word' id='word_1_47' title='bbox 603 1085 635 1122; x_wconf 78' lang='lat' dir='ltr'><strong>rs</strong></span> <span class='ocrx_word' id='word_1_48' title='bbox 657 1059 760 1142; x_wconf 82' lang='lat' dir='ltr'><strong>inopia</strong></span> <span class='ocrx_word' id='word_1_49' title='bbox 802 1058 990 1121; x_wconf 82' lang='lat' dir='ltr'><strong>robntionum</strong></span> <span class='ocrx_word' id='word_1_50' title='bbox 1012 1059 1095 1135; x_wconf 90' lang='lat' dir='ltr'><strong>cujus</strong></span> <span class='ocrx_word' id='word_1_51' title='bbox 1113 1055 1206 1136; x_wconf 78' lang='lat' dir='ltr'><strong>gratia</strong></span> <span class='ocrx_word' id='word_1_52' title='bbox 1228 1073 1275 1115; x_wconf 82' lang='lat' dir='ltr'><strong>rea</strong></span> <span class='ocrx_word' id='word_1_53' title='bbox 1290 1049 1496 1135; x_wconf 81' lang='lat' dir='ltr'><strong>jurejurando</strong></span> 
     </span>
     <span class='ocr_line' id='line_1_7' title="bbox 423 1079 1497 1218; baseline -0.006 -19"><span class='ocrx_word' id='word_1_54' title='bbox 423 1136 585 1218; x_wconf 77' lang='lat' dir='ltr'><strong><em>deciditur,</em></strong></span> <span class='ocrx_word' id='word_1_55' title='bbox 602 1159 661 1202; x_wconf 92' lang='lat' dir='ltr'><strong>non</strong></span> <span class='ocrx_word' id='word_1_56' title='bbox 676 1144 732 1202; x_wconf 88' lang='lat' dir='ltr'><strong>uisi</strong></span> <span class='ocrx_word' id='word_1_57' title='bbox 747 1079 977 1218; x_wconf 54' lang='lat' dir='ltr'><strong>assemiplenns</strong></span> <span class='ocrx_word' id='word_1_58' title='bbox 997 1139 1183 1216; x_wconf 76' lang='lat' dir='ltr'><strong>probationes</strong></span> <span class='ocrx_word' id='word_1_59' title='bbox 1199 1137 1303 1196; x_wconf 86' lang='lat' dir='ltr'><strong>reierri</strong></span> <span class='ocrx_word' id='word_1_60' title='bbox 1318 1142 1423 1214; x_wconf 73' lang='lat' dir='ltr'><strong>potest.</strong></span> <span class='ocrx_word' id='word_1_61' title='bbox 1439 1135 1497 1194; x_wconf 78' lang='lat' dir='ltr'><strong>be·</strong></span> 
     </span>
     <span class='ocr_line' id='line_1_8' title="bbox 424 1215 1498 1300; baseline -0.007 -18"><span class='ocrx_word' id='word_1_62' title='bbox 424 1221 502 1282; x_wconf 81' lang='lat' dir='ltr'><strong>cedit</strong></span> <span class='ocrx_word' id='word_1_63' title='bbox 513 1225 669 1284; x_wconf 73' lang='lat' dir='ltr'><strong>auctoritas</strong></span> <span class='ocrx_word' id='word_1_64' title='bbox 683 1225 763 1286; x_wconf 83' lang='lat' dir='ltr'><strong>iuris</strong></span> <span class='ocrx_word' id='word_1_65' title='bbox 776 1223 906 1284; x_wconf 86' lang='lat' dir='ltr'><strong>eanoniei</strong></span> <span class='ocrx_word' id='word_1_66' title='bbox 921 1223 952 1280; x_wconf 91' lang='lat' dir='ltr'><strong>in</strong></span> <span class='ocrx_word' id='word_1_67' title='bbox 966 1222 998 1280; x_wconf 86' lang='lat' dir='ltr'><strong>C.</strong></span> <span class='ocrx_word' id='word_1_68' title='bbox 1015 1223 1034 1280; x_wconf 74' lang='lat' dir='ltr'><strong>b</strong></span> <span class='ocrx_word' id='word_1_69' title='bbox 1049 1218 1086 1281; x_wconf 86' lang='lat' dir='ltr'><strong>de</strong></span> <span class='ocrx_word' id='word_1_70' title='bbox 1096 1219 1128 1279; x_wconf 81' lang='lat' dir='ltr'><strong>iu</strong></span> <span class='ocrx_word' id='word_1_71' title='bbox 1142 1218 1247 1300; x_wconf 76' lang='lat' dir='ltr'><strong>iuupr.</strong></span> <span class='ocrx_word' id='word_1_72' title='bbox 1264 1227 1347 1292; x_wconf 78' lang='lat' dir='ltr'><strong>reat,</strong></span> <span class='ocrx_word' id='word_1_73' title='bbox 1367 1215 1418 1275; x_wconf 91' lang='lat' dir='ltr'><strong>ubi</strong></span> <span class='ocrx_word' id='word_1_74' title='bbox 1434 1215 1498 1274; x_wconf 83' lang='lat' dir='ltr'><strong>baeo</strong></span> 
     </span>
     <span class='ocr_line' id='line_1_9' title="bbox 424 1295 1499 1445; baseline -0.006 -83"><span class='ocrx_word' id='word_1_75' title='bbox 424 1304 531 1445; x_wconf 67' lang='lat' dir='ltr'><strong>scripta</strong></span> <span class='ocrx_word' id='word_1_76' title='bbox 543 1315 623 1365; x_wconf 91' lang='lat' dir='ltr'><strong>sunt:</strong></span> <span class='ocrx_word' id='word_1_77' title='bbox 646 1306 751 1367; x_wconf 77' lang='lat' dir='ltr'><strong>aLioet</strong></span> <span class='ocrx_word' id='word_1_78' title='bbox 764 1323 823 1365; x_wconf 90' lang='lat' dir='ltr'><strong>non</strong></span> <span class='ocrx_word' id='word_1_79' title='bbox 839 1311 951 1364; x_wconf 88' lang='lat' dir='ltr'><strong>eonstet</strong></span> <span class='ocrx_word' id='word_1_80' title='bbox 964 1301 1002 1362; x_wconf 87' lang='lat' dir='ltr'><strong>ad</strong></span> <span class='ocrx_word' id='word_1_81' title='bbox 1013 1302 1147 1380; x_wconf 86' lang='lat' dir='ltr'><strong>pienum;</strong></span> <span class='ocrx_word' id='word_1_82' title='bbox 1159 1327 1173 1354; x_wconf 74' lang='lat' dir='ltr'><strong>a</strong></span> <span class='ocrx_word' id='word_1_83' title='bbox 1193 1308 1223 1359; x_wconf 90' lang='lat' dir='ltr'><strong>et</strong></span> <span class='ocrx_word' id='word_1_84' title='bbox 1238 1302 1271 1360; x_wconf 85' lang='lat' dir='ltr'><strong>C.</strong></span> <span class='ocrx_word' id='word_1_85' title='bbox 1287 1301 1306 1358; x_wconf 84' lang='grc'><strong>6</strong></span> <span class='ocrx_word' id='word_1_86' title='bbox 1320 1297 1357 1358; x_wconf 85' lang='lat' dir='ltr'><strong>de</strong></span> <span class='ocrx_word' id='word_1_87' title='bbox 1370 1295 1454 1379; x_wconf 66' lang='lat' dir='ltr'><strong>arip.</strong></span> <span class='ocrx_word' id='word_1_88' title='bbox 1468 1303 1499 1356; x_wconf 83' lang='lat' dir='ltr'><strong>et</strong></span> 
     </span>
     <span class='ocr_line' id='line_1_10' title="bbox 424 1380 1499 1467; baseline -0.006 -24"><span class='ocrx_word' id='word_1_89' title='bbox 424 1403 475 1444; x_wconf 74' lang='lat' dir='ltr'><strong>auo</strong></span> <span class='ocrx_word' id='word_1_90' title='bbox 502 1384 545 1467; x_wconf 70' lang='lat' dir='ltr'><strong>s„</strong></span> <span class='ocrx_word' id='word_1_91' title='bbox 562 1388 613 1447; x_wconf 91' lang='lat' dir='ltr'><strong>nbi</strong></span> <span class='ocrx_word' id='word_1_92' title='bbox 626 1387 689 1448; x_wconf 79' lang='lat' dir='ltr'><strong>baeo</strong></span> <span class='ocrx_word' id='word_1_93' title='bbox 702 1395 881 1448; x_wconf 79' lang='lat' dir='ltr'><strong>aecurrunt:</strong></span> <span class='ocrx_word' id='word_1_94' title='bbox 905 1410 919 1438; x_wconf 72' lang='grc' dir='ltr'>ι</span> <span class='ocrx_word' id='word_1_95' title='bbox 941 1385 1080 1460; x_wconf 83' lang='lat' dir='ltr'><strong>Quamvis</strong></span> <span class='ocrx_word' id='word_1_96' title='bbox 1100 1382 1259 1460; x_wconf 85' lang='lat' dir='ltr'><strong>semiplene</strong></span> <span class='ocrx_word' id='word_1_97' title='bbox 1275 1380 1360 1440; x_wconf 88' lang='lat' dir='ltr'><strong>nobis</strong></span> <span class='ocrx_word' id='word_1_98' title='bbox 1378 1395 1499 1458; x_wconf 81' lang='lat' dir='ltr'><strong>expres-</strong></span> 
     </span>
     <span class='ocr_line' id='line_1_11' title="bbox 426 1462 1496 1548; baseline -0.007 -22"><span class='ocrx_word' id='word_1_99' title='bbox 426 1468 509 1528; x_wconf 81' lang='lat' dir='ltr'><strong>seris.</strong></span> <span class='ocrx_word' id='word_1_100' title='bbox 519 1493 532 1520; x_wconf 71' lang='grc' dir='ltr'><em>η</em></span> <span class='ocrx_word' id='word_1_101' title='bbox 549 1472 614 1544; x_wconf 85' lang='lat' dir='ltr'><strong>Quo</strong></span> <span class='ocrx_word' id='word_1_102' title='bbox 625 1478 751 1548; x_wconf 88' lang='lat' dir='ltr'><strong>utroque</strong></span> <span class='ocrx_word' id='word_1_103' title='bbox 761 1470 823 1530; x_wconf 84' lang='lat' dir='ltr'><strong>loeo</strong></span> <span class='ocrx_word' id='word_1_104' title='bbox 829 1468 893 1528; x_wconf 88' lang='lat' dir='ltr'><strong>sine</strong></span> <span class='ocrx_word' id='word_1_105' title='bbox 903 1465 993 1526; x_wconf 92' lang='lat' dir='ltr'><strong>dubio</strong></span> <span class='ocrx_word' id='word_1_106' title='bbox 1001 1465 1161 1543; x_wconf 89' lang='lat' dir='ltr'><strong>semiplena</strong></span> <span class='ocrx_word' id='word_1_107' title='bbox 1172 1463 1304 1542; x_wconf 88' lang='lat' dir='ltr'><strong>probatio</strong></span> <span class='ocrx_word' id='word_1_108' title='bbox 1315 1462 1496 1542; x_wconf 75' lang='lat' dir='ltr'><strong>designatur.</strong></span> 
     </span>
     <span class='ocr_line' id='line_1_12' title="bbox 426 1541 1501 1629; baseline -0.008 -21"><span class='ocrx_word' id='word_1_109' title='bbox 426 1547 485 1609; x_wconf 90' lang='lat' dir='ltr'><strong>Sed</strong></span> <span class='ocrx_word' id='word_1_110' title='bbox 508 1559 654 1629; x_wconf 77' lang='lat' dir='ltr'><strong>receptam</strong></span> <span class='ocrx_word' id='word_1_111' title='bbox 677 1550 753 1612; x_wconf 86' lang='lat' dir='ltr'><strong>bano</strong></span> <span class='ocrx_word' id='word_1_112' title='bbox 775 1549 950 1610; x_wconf 85' lang='lat' dir='ltr'><strong>divisionem</strong></span> <span class='ocrx_word' id='word_1_113' title='bbox 968 1547 1175 1626; x_wconf 88' lang='lat' dir='ltr'><strong>probationum</strong></span> <span class='ocrx_word' id='word_1_114' title='bbox 1193 1547 1224 1605; x_wconf 92' lang='lat' dir='ltr'><strong>in</strong></span> <span class='ocrx_word' id='word_1_115' title='bbox 1246 1544 1344 1622; x_wconf 86' lang='lat' dir='ltr'><strong>plenas</strong></span> <span class='ocrx_word' id='word_1_116' title='bbox 1361 1553 1390 1602; x_wconf 89' lang='lat' dir='ltr'><strong>et</strong></span> <span class='ocrx_word' id='word_1_117' title='bbox 1408 1541 1501 1603; x_wconf 87' lang='lat' dir='ltr'><strong>semi·</strong></span> 
     </span>
     <span class='ocr_line' id='line_1_13' title="bbox 424 1623 1500 1712; baseline -0.007 -23"><span class='ocrx_word' id='word_1_118' title='bbox 424 1630 541 1708; x_wconf 84' lang='lat' dir='ltr'><strong>plenas,</strong></span> <span class='ocrx_word' id='word_1_119' title='bbox 555 1633 746 1694; x_wconf 84' lang='lat' dir='ltr'><strong>vehementer</strong></span> <span class='ocrx_word' id='word_1_120' title='bbox 760 1631 929 1712; x_wconf 86' lang='lat' dir='ltr'><strong>improbant</strong></span> <span class='ocrx_word' id='word_1_121' title='bbox 943 1633 1098 1692; x_wconf 85' lang='lat' dir='ltr'><strong>Duarenus</strong></span> <span class='ocrx_word' id='word_1_122' title='bbox 1112 1623 1134 1688; x_wconf 81' lang='lat' dir='ltr'><strong>l.</strong></span> <span class='ocrx_word' id='word_1_123' title='bbox 1155 1630 1174 1690; x_wconf 75' lang='lat'><strong>2</strong></span> <span class='ocrx_word' id='word_1_124' title='bbox 1190 1625 1269 1707; x_wconf 80' lang='lat' dir='ltr'><strong>disp.</strong></span> <span class='ocrx_word' id='word_1_125' title='bbox 1284 1627 1337 1701; x_wconf 77' lang='lat'><strong>533</strong></span> <span class='ocrx_word' id='word_1_126' title='bbox 1359 1623 1500 1685; x_wconf 80' lang='lat' dir='ltr'><strong>bonellus</strong></span> 
     </span>
     <span class='ocr_line' id='line_1_14' title="bbox 426 1709 1499 1798; baseline -0.007 -26"><span class='ocrx_word' id='word_1_127' title='bbox 426 1710 468 1772; x_wconf 87' lang='lat' dir='ltr'><strong>ad</strong></span> <span class='ocrx_word' id='word_1_128' title='bbox 491 1713 537 1774; x_wconf 87' lang='lat' dir='ltr'><strong>tit.</strong></span> <span class='ocrx_word' id='word_1_129' title='bbox 558 1713 740 1776; x_wconf 83' lang='lat' dir='ltr'><strong>Pondector.</strong></span> <span class='ocrx_word' id='word_1_130' title='bbox 767 1712 803 1776; x_wconf 87' lang='lat' dir='ltr'><strong>de</strong></span> <span class='ocrx_word' id='word_1_131' title='bbox 824 1711 964 1795; x_wconf 78' lang='lat' dir='ltr'><strong>Jurejur.</strong></span> <span class='ocrx_word' id='word_1_132' title='bbox 990 1729 1057 1792; x_wconf 83' lang='lat' dir='ltr'><strong>cop.</strong></span> <span class='ocrx_word' id='word_1_133' title='bbox 1081 1711 1114 1770; x_wconf 83' lang='lat'><strong>¹1</strong></span> <span class='ocrx_word' id='word_1_134' title='bbox 1148 1727 1234 1770; x_wconf 83' lang='lat' dir='ltr'><strong>uum.</strong></span> <span class='ocrx_word' id='word_1_135' title='bbox 1255 1709 1273 1767; x_wconf 75' lang='grc' dir='ltr'><strong>ὅ</strong></span> <span class='ocrx_word' id='word_1_136' title='bbox 1292 1715 1321 1768; x_wconf 85' lang='lat' dir='ltr'><strong>et</strong></span> <span class='ocrx_word' id='word_1_137' title='bbox 1341 1723 1403 1788; x_wconf 80' lang='lat' dir='ltr'><strong>sep.</strong></span> <span class='ocrx_word' id='word_1_138' title='bbox 1428 1723 1499 1798; x_wconf 86' lang='lat' dir='ltr'><strong>opp.</strong></span> 
     </span>
     <span class='ocr_line' id='line_1_15' title="bbox 428 1788 1499 1878; baseline -0.006 -26"><span class='ocrx_word' id='word_1_139' title='bbox 428 1801 451 1852; x_wconf 92' lang='lat' dir='ltr'><strong>t.</strong></span> <span class='ocrx_word' id='word_1_140' title='bbox 467 1797 505 1854; x_wconf 84' lang='lat' dir='ltr'><strong>to</strong></span> <span class='ocrx_word' id='word_1_141' title='bbox 527 1793 580 1856; x_wconf 83' lang='lat' dir='ltr'><strong>coi.</strong></span> <span class='ocrx_word' id='word_1_142' title='bbox 597 1798 654 1858; x_wconf 71' lang='lat'><strong>747</strong></span> <span class='ocrx_word' id='word_1_143' title='bbox 670 1804 699 1858; x_wconf 86' lang='lat' dir='ltr'><strong>et</strong></span> <span class='ocrx_word' id='word_1_144' title='bbox 711 1815 772 1878; x_wconf 81' lang='lat' dir='ltr'><strong>aeq.</strong></span> <span class='ocrx_word' id='word_1_145' title='bbox 794 1792 839 1856; x_wconf 85' lang='lat' dir='ltr'><strong>ed.</strong></span> <span class='ocrx_word' id='word_1_146' title='bbox 855 1796 944 1856; x_wconf 80' lang='lat' dir='ltr'><strong>Lueae</strong></span> <span class='ocrx_word' id='word_1_147' title='bbox 957 1793 1021 1868; x_wconf 84' lang='lat' dir='ltr'><strong>eit.;</strong></span> <span class='ocrx_word' id='word_1_148' title='bbox 1041 1791 1135 1854; x_wconf 79' lang='lat' dir='ltr'><strong>Faber</strong></span> <span class='ocrx_word' id='word_1_149' title='bbox 1147 1788 1183 1852; x_wconf 82' lang='lat' dir='ltr'><strong>do</strong></span> <span class='ocrx_word' id='word_1_150' title='bbox 1195 1791 1304 1850; x_wconf 84' lang='lat' dir='ltr'><strong>L&#39;rror.</strong></span> <span class='ocrx_word' id='word_1_151' title='bbox 1317 1794 1499 1870; x_wconf 67' lang='lat' dir='ltr'><strong>propinatu.</strong></span> 
     </span>
     <span class='ocr_line' id='line_1_16' title="bbox 428 1869 1501 1954; baseline -0.007 -19"><span class='ocrx_word' id='word_1_152' title='bbox 428 1871 489 1936; x_wconf 83' lang='lat' dir='ltr'><strong>doc.</strong></span> <span class='ocrx_word' id='word_1_153' title='bbox 512 1879 550 1938; x_wconf 77' lang='grc'><strong>19</strong></span> <span class='ocrx_word' id='word_1_154' title='bbox 575 1895 617 1937; x_wconf 85' lang='lat' dir='ltr'><strong>er.</strong></span> <span class='ocrx_word' id='word_1_155' title='bbox 645 1879 674 1938; x_wconf 82' lang='lat' dir='ltr'><strong>t.</strong></span> <span class='ocrx_word' id='word_1_156' title='bbox 696 1877 838 1954; x_wconf 84' lang='lat' dir='ltr'><strong>inquiunt</strong></span> <span class='ocrx_word' id='word_1_157' title='bbox 859 1876 940 1934; x_wconf 91' lang='lat' dir='ltr'><strong>enim</strong></span> <span class='ocrx_word' id='word_1_158' title='bbox 956 1874 1146 1952; x_wconf 85' lang='lat' dir='ltr'><strong>semiplenam</strong></span> <span class='ocrx_word' id='word_1_159' title='bbox 1168 1871 1369 1952; x_wconf 88' lang='lat' dir='ltr'><strong>probationem</strong></span> <span class='ocrx_word' id='word_1_160' title='bbox 1389 1869 1501 1929; x_wconf 84' lang='lat' dir='ltr'><strong>nullam</strong></span> 
     </span>
     <span class='ocr_line' id='line_1_17' title="bbox 428 1949 1502 2036; baseline -0.006 -20"><span class='ocrx_word' id='word_1_161' title='bbox 428 1973 506 2032; x_wconf 84' lang='lat' dir='ltr'><strong>esse,</strong></span> <span class='ocrx_word' id='word_1_162' title='bbox 532 1975 628 2035; x_wconf 89' lang='lat' dir='ltr'><strong>neque</strong></span> <span class='ocrx_word' id='word_1_163' title='bbox 649 1956 805 2036; x_wconf 89' lang='lat' dir='ltr'><strong>probatum</strong></span> <span class='ocrx_word' id='word_1_164' title='bbox 832 1954 934 2017; x_wconf 91' lang='lat' dir='ltr'><strong>baberi</strong></span> <span class='ocrx_word' id='word_1_165' title='bbox 959 1975 1056 2034; x_wconf 86' lang='lat' dir='ltr'><strong>posse,</strong></span> <span class='ocrx_word' id='word_1_166' title='bbox 1086 1954 1166 2033; x_wconf 90' lang='lat' dir='ltr'><strong>quod</strong></span> <span class='ocrx_word' id='word_1_167' title='bbox 1190 1953 1317 2033; x_wconf 82' lang='lat' dir='ltr'><strong>periente</strong></span> <span class='ocrx_word' id='word_1_168' title='bbox 1345 1949 1502 2029; x_wconf 90' lang='lat' dir='ltr'><strong>probatum</strong></span> 
     </span>
     <span class='ocr_line' id='line_1_18' title="bbox 428 2033 1502 2115; baseline -0.003 -20"><span class='ocrx_word' id='word_1_169' title='bbox 428 2047 570 2112; x_wconf 85' lang='lat' dir='ltr'><strong>nonest,</strong></span> <span class='ocrx_word' id='word_1_170' title='bbox 606 2037 855 2115; x_wconf 78' lang='lat' dir='ltr'><strong>quemadmodum</strong></span> <span class='ocrx_word' id='word_1_171' title='bbox 882 2037 985 2098; x_wconf 84' lang='lat' dir='ltr'><strong>vitiose</strong></span> <span class='ocrx_word' id='word_1_172' title='bbox 1009 2045 1127 2098; x_wconf 82' lang='lat' dir='ltr'><strong>cautum</strong></span> <span class='ocrx_word' id='word_1_173' title='bbox 1155 2054 1213 2096; x_wconf 92' lang='lat' dir='ltr'><strong>non</strong></span> <span class='ocrx_word' id='word_1_174' title='bbox 1239 2033 1356 2095; x_wconf 87' lang='lat' dir='ltr'><strong>videtur</strong></span> <span class='ocrx_word' id='word_1_175' title='bbox 1382 2040 1502 2093; x_wconf 84' lang='lat' dir='ltr'><strong>sautum</strong></span> 
     </span>
     <span class='ocr_line' id='line_1_19' title="bbox 428 2117 1503 2201; baseline -0.006 -23"><span class='ocrx_word' id='word_1_176' title='bbox 428 2119 464 2178; x_wconf 93' lang='lat' dir='ltr'><strong>L.</strong></span> <span class='ocrx_word' id='word_1_177' title='bbox 488 2120 506 2177; x_wconf 88' lang='grc'><strong>6</strong></span> <span class='ocrx_word' id='word_1_178' title='bbox 520 2117 556 2200; x_wconf 74' lang='lat' dir='ltr'><strong>ff.</strong></span> <span class='ocrx_word' id='word_1_179' title='bbox 577 2119 638 2194; x_wconf 86' lang='lat' dir='ltr'><strong>Qui</strong></span> <span class='ocrx_word' id='word_1_180' title='bbox 651 2117 759 2181; x_wconf 80' lang='lat' dir='ltr'><strong>sotiad.</strong></span> <span class='ocrx_word' id='word_1_181' title='bbox 776 2137 898 2201; x_wconf 72' lang='lat' dir='ltr'><strong>copon..</strong></span> <span class='ocrx_word' id='word_1_182' title='bbox 914 2137 1011 2197; x_wconf 88' lang='lat' dir='ltr'><strong>neque</strong></span> <span class='ocrx_word' id='word_1_183' title='bbox 1024 2119 1188 2196; x_wconf 82' lang='lat' dir='ltr'><strong>stipulatio,</strong></span> <span class='ocrx_word' id='word_1_184' title='bbox 1205 2117 1330 2194; x_wconf 88' lang='lat' dir='ltr'><strong>emptio,</strong></span> <span class='ocrx_word' id='word_1_185' title='bbox 1343 2123 1503 2174; x_wconf 86' lang='lat' dir='ltr'><strong>testamen-</strong></span> 
     </span>
     <span class='ocr_line' id='line_1_20' title="bbox 429 2193 1501 2280; baseline -0.003 -22"><span class='ocrx_word' id='word_1_186' title='bbox 429 2200 621 2276; x_wconf 71' lang='lat' dir='ltr'><strong>tumulant,</strong></span> <span class='ocrx_word' id='word_1_187' title='bbox 643 2201 698 2260; x_wconf 92' lang='lat' dir='ltr'><strong>nisi</strong></span> <span class='ocrx_word' id='word_1_188' title='bbox 718 2202 843 2280; x_wconf 78' lang='lat' dir='ltr'><strong>perfecta</strong></span> <span class='ocrx_word' id='word_1_189' title='bbox 863 2202 923 2261; x_wconf 90' lang='lat' dir='ltr'><strong>sint</strong></span> <span class='ocrx_word' id='word_1_190' title='bbox 941 2201 1039 2261; x_wconf 89' lang='lat' dir='ltr'><strong>omnia</strong></span> <span class='ocrx_word' id='word_1_191' title='bbox 1060 2203 1095 2261; x_wconf 93' lang='lat' dir='ltr'><strong>L.</strong></span> <span class='ocrx_word' id='word_1_192' title='bbox 1117 2197 1223 2280; x_wconf 70' lang='lat' dir='ltr'><strong>itbff.</strong></span> <span class='ocrx_word' id='word_1_193' title='bbox 1240 2197 1276 2258; x_wconf 85' lang='lat' dir='ltr'><strong>de</strong></span> <span class='ocrx_word' id='word_1_194' title='bbox 1297 2193 1382 2258; x_wconf 82' lang='lat' dir='ltr'><strong>Verb.</strong></span> <span class='ocrx_word' id='word_1_195' title='bbox 1398 2193 1501 2278; x_wconf 70' lang='lat' dir='ltr'><strong>otttp..</strong></span> 
     </span>
     <span class='ocr_line' id='line_1_21' title="bbox 429 2275 1502 2364; baseline -0.005 -24"><span class='ocrx_word' id='word_1_196' title='bbox 429 2280 464 2340; x_wconf 94' lang='lat' dir='ltr'><strong>L.</strong></span> <span class='ocrx_word' id='word_1_197' title='bbox 495 2283 532 2342; x_wconf 79' lang='grc'><strong>19</strong></span> <span class='ocrx_word' id='word_1_198' title='bbox 552 2279 589 2364; x_wconf 66' lang='lat' dir='ltr'><strong>(J.</strong></span> <span class='ocrx_word' id='word_1_199' title='bbox 613 2279 649 2342; x_wconf 83' lang='lat' dir='ltr'><strong>de</strong></span> <span class='ocrx_word' id='word_1_200' title='bbox 677 2279 818 2344; x_wconf 80' lang='lat' dir='ltr'><strong>Controb.</strong></span> <span class='ocrx_word' id='word_1_201' title='bbox 840 2289 931 2362; x_wconf 84' lang='lat' dir='ltr'><strong>empt.</strong></span> <span class='ocrx_word' id='word_1_202' title='bbox 952 2286 1064 2343; x_wconf 88' lang='lat' dir='ltr'><strong>Verum</strong></span> <span class='ocrx_word' id='word_1_203' title='bbox 1091 2281 1122 2342; x_wconf 91' lang='lat' dir='ltr'><strong>bi</strong></span> <span class='ocrx_word' id='word_1_204' title='bbox 1143 2290 1224 2342; x_wconf 88' lang='lat' dir='ltr'><strong>aetus</strong></span> <span class='ocrx_word' id='word_1_205' title='bbox 1245 2275 1389 2339; x_wconf 82' lang='lat' dir='ltr'><strong>individui</strong></span> <span class='ocrx_word' id='word_1_206' title='bbox 1416 2285 1502 2350; x_wconf 86' lang='lat' dir='ltr'><strong>sunt,</strong></span> 
     </span>
     <span class='ocr_line' id='line_1_22' title="bbox 429 2357 1505 2440; baseline -0.002 -20"><span class='ocrx_word' id='word_1_207' title='bbox 429 2371 584 2440; x_wconf 88' lang='lat' dir='ltr'><strong>propterea</strong></span> <span class='ocrx_word' id='word_1_208' title='bbox 602 2365 711 2423; x_wconf 88' lang='lat' dir='ltr'><strong>mirum</strong></span> <span class='ocrx_word' id='word_1_209' title='bbox 726 2383 784 2425; x_wconf 92' lang='lat' dir='ltr'><strong>non</strong></span> <span class='ocrx_word' id='word_1_210' title='bbox 807 2373 865 2439; x_wconf 87' lang='lat' dir='ltr'><strong>est,</strong></span> <span class='ocrx_word' id='word_1_211' title='bbox 888 2381 939 2424; x_wconf 81' lang='lat' dir='ltr'><strong>eos</strong></span> <span class='ocrx_word' id='word_1_212' title='bbox 958 2382 1016 2424; x_wconf 91' lang='lat' dir='ltr'><strong>uon</strong></span> <span class='ocrx_word' id='word_1_213' title='bbox 1027 2363 1141 2439; x_wconf 85' lang='lat' dir='ltr'><strong>valere,</strong></span> <span class='ocrx_word' id='word_1_214' title='bbox 1157 2362 1213 2423; x_wconf 92' lang='lat' dir='ltr'><strong>nisi</strong></span> <span class='ocrx_word' id='word_1_215' title='bbox 1229 2360 1347 2440; x_wconf 87' lang='lat' dir='ltr'><strong>perieeti</strong></span> <span class='ocrx_word' id='word_1_216' title='bbox 1360 2359 1429 2420; x_wconf 86' lang='lat' dir='ltr'><strong>sint.</strong></span> <span class='ocrx_word' id='word_1_217' title='bbox 1446 2357 1505 2421; x_wconf 86' lang='lat' dir='ltr'><strong>Sed</strong></span> 
     </span>
     <span class='ocr_line' id='line_1_23' title="bbox 430 2441 1505 2524; baseline -0.004 -21"><span class='ocrx_word' id='word_1_218' title='bbox 430 2443 564 2521; x_wconf 89' lang='lat' dir='ltr'><strong>probatio</strong></span> <span class='ocrx_word' id='word_1_219' title='bbox 586 2443 705 2506; x_wconf 89' lang='lat' dir='ltr'><strong>dividua</strong></span> <span class='ocrx_word' id='word_1_220' title='bbox 720 2454 779 2523; x_wconf 88' lang='lat' dir='ltr'><strong>est,</strong></span> <span class='ocrx_word' id='word_1_221' title='bbox 795 2446 921 2524; x_wconf 85' lang='lat' dir='ltr'><strong>ideoque</strong></span> <span class='ocrx_word' id='word_1_222' title='bbox 935 2461 1000 2504; x_wconf 88' lang='lat' dir='ltr'><strong>eam</strong></span> <span class='ocrx_word' id='word_1_223' title='bbox 1015 2445 1080 2523; x_wconf 88' lang='lat' dir='ltr'><strong>plus</strong></span> <span class='ocrx_word' id='word_1_224' title='bbox 1094 2445 1227 2505; x_wconf 83' lang='lat' dir='ltr'><strong>minusve</strong></span> <span class='ocrx_word' id='word_1_225' title='bbox 1244 2441 1409 2503; x_wconf 76' lang='lat' dir='ltr'><strong>evidentem</strong></span> <span class='ocrx_word' id='word_1_226' title='bbox 1427 2457 1505 2518; x_wconf 77' lang='lat' dir='ltr'><strong>saepe</strong></span> 
     </span>
    </p>
   </div>
   <div class='ocr_carea' id='block_1_3' title="bbox 432 2522 1505 2686">
    <p class='ocr_par' dir='ltr' id='par_1_3' title="bbox 432 2522 1505 2686">
     <span class='ocr_line' id='line_1_24' title="bbox 432 2522 1505 2605; baseline -0.001 -23"><span class='ocrx_word' id='word_1_227' title='bbox 432 2523 572 2600; x_wconf 84' lang='lat' dir='ltr'><strong>dicimus,</strong></span> <span class='ocrx_word' id='word_1_228' title='bbox 591 2535 620 2586; x_wconf 89' lang='lat' dir='ltr'><strong>et</strong></span> <span class='ocrx_word' id='word_1_229' title='bbox 634 2526 784 2588; x_wconf 82' lang='lat' dir='ltr'><strong>interdurn</strong></span> <span class='ocrx_word' id='word_1_230' title='bbox 798 2529 886 2588; x_wconf 88' lang='lat' dir='ltr'><strong>etiam</strong></span> <span class='ocrx_word' id='word_1_231' title='bbox 906 2525 970 2588; x_wconf 80' lang='lat' dir='ltr'><strong>luce</strong></span> <span class='ocrx_word' id='word_1_232' title='bbox 984 2523 1154 2604; x_wconf 79' lang='lat' dir='ltr'><strong>clariorem,</strong></span> <span class='ocrx_word' id='word_1_233' title='bbox 1169 2525 1284 2605; x_wconf 83' lang='lat' dir='ltr'><strong>qualem</strong></span> <span class='ocrx_word' id='word_1_234' title='bbox 1298 2541 1391 2584; x_wconf 76' lang='lat' dir='ltr'><strong>nauso</strong></span> <span class='ocrx_word' id='word_1_235' title='bbox 1403 2522 1505 2582; x_wconf 89' lang='lat' dir='ltr'><strong>erimi-</strong></span> 
     </span>
     <span class='ocr_line' id='line_1_25' title="bbox 432 2605 1048 2686; baseline 0.005 -21"><span class='ocrx_word' id='word_1_236' title='bbox 432 2606 512 2667; x_wconf 85' lang='lat' dir='ltr'><strong>nales</strong></span> <span class='ocrx_word' id='word_1_237' title='bbox 522 2607 671 2686; x_wconf 85' lang='lat' dir='ltr'><strong>postulant</strong></span> <span class='ocrx_word' id='word_1_238' title='bbox 681 2608 716 2668; x_wconf 95' lang='lat' dir='ltr'><strong>L.</strong></span> <span class='ocrx_word' id='word_1_239' title='bbox 729 2606 784 2670; x_wconf 83' lang='lat' dir='ltr'><strong>ult.</strong></span> <span class='ocrx_word' id='word_1_240' title='bbox 799 2608 864 2670; x_wconf 83' lang='lat' dir='ltr'><strong>cod.</strong></span> <span class='ocrx_word' id='word_1_241' title='bbox 876 2606 912 2670; x_wconf 86' lang='lat' dir='ltr'><strong>de</strong></span> <span class='ocrx_word' id='word_1_242' title='bbox 926 2605 1048 2669; x_wconf 84' lang='lat' dir='ltr'><strong>Probat.</strong></span> 
     </span>
    </p>
   </div>
   <div class='ocr_carea' id='block_1_4' title="bbox 480 2684 1507 2788">
    <p class='ocr_par' dir='ltr' id='par_1_4' title="bbox 480 2684 1507 2788">
     <span class='ocr_line' id='line_1_26' title="bbox 480 2684 1507 2788; baseline -0.002 -30"><span class='ocrx_word' id='word_1_243' title='bbox 480 2685 511 2786; x_wconf 77' lang='lat'><strong>§.</strong></span> <span class='ocrx_word' id='word_1_244' title='bbox 547 2687 609 2758; x_wconf 88' lang='lat' dir='ltr'><strong>IV.</strong></span> <span class='ocrx_word' id='word_1_245' title='bbox 648 2689 738 2760; x_wconf 86' lang='lat' dir='ltr'><strong>inter</strong></span> <span class='ocrx_word' id='word_1_246' title='bbox 765 2688 877 2785; x_wconf 88' lang='lat' dir='ltr'><strong>plenas</strong></span> <span class='ocrx_word' id='word_1_247' title='bbox 912 2689 1121 2788; x_wconf 83' lang='lat' dir='ltr'><strong>probationes</strong></span> <span class='ocrx_word' id='word_1_248' title='bbox 1150 2690 1330 2784; x_wconf 89' lang='lat' dir='ltr'><strong>prinoipem</strong></span> <span class='ocrx_word' id='word_1_249' title='bbox 1365 2685 1424 2754; x_wconf 88' lang='lat' dir='ltr'><strong>sibi</strong></span> <span class='ocrx_word' id='word_1_250' title='bbox 1452 2684 1507 2756; x_wconf 91' lang='lat' dir='ltr'><strong>lo·</strong></span> 
     </span>
    </p>
   </div>
   <div class='ocr_carea' id='block_1_5' title="bbox 433 2783 1508 2949">
    <p class='ocr_par' dir='ltr' id='par_1_5' title="bbox 433 2783 1508 2949">
     <span class='ocr_line' id='line_1_27' title="bbox 433 2783 1508 2949; baseline -0.001 -94"><span class='ocrx_word' id='word_1_251' title='bbox 433 2809 509 2856; x_wconf 87' lang='lat' dir='ltr'><strong>oum</strong></span> <span class='ocrx_word' id='word_1_252' title='bbox 548 2783 689 2859; x_wconf 80' lang='lat' dir='ltr'><strong>vindieat</strong></span> <span class='ocrx_word' id='word_1_253' title='bbox 714 2787 887 2877; x_wconf 74' lang='lat' dir='ltr'><strong>confessio,</strong></span> <span class='ocrx_word' id='word_1_254' title='bbox 918 2814 994 2859; x_wconf 88' lang='lat' dir='ltr'><strong>cum</strong></span> <span class='ocrx_word' id='word_1_255' title='bbox 1025 2785 1114 2859; x_wconf 88' lang='lat' dir='ltr'><strong>nulla</strong></span> <span class='ocrx_word' id='word_1_256' title='bbox 1148 2789 1189 2856; x_wconf 88' lang='lat' dir='ltr'><strong>sit</strong></span> <span class='ocrx_word' id='word_1_257' title='bbox 1219 2784 1367 2883; x_wconf 87' lang='lat' dir='ltr'><strong>probatio</strong></span> <span class='ocrx_word' id='word_1_258' title='bbox 1404 2784 1508 2949; x_wconf 62' lang='lat' dir='ltr'><strong>mappr</strong></span> 
     </span>
    </p>
   </div>
   <div class='ocr_carea' id='block_1_6' title="bbox 434 2881 1519 4250">
    <p class='ocr_par' dir='ltr' id='par_1_6' title="bbox 434 2881 1519 4250">
     <span class='ocr_line' id='line_1_28' title="bbox 434 2881 1417 2983; baseline -0.004 -29"><span class='ocrx_word' id='word_1_259' title='bbox 434 2909 491 2973; x_wconf 78' lang='lat' dir='ltr'><strong>ea,</strong></span> <span class='ocrx_word' id='word_1_260' title='bbox 520 2910 594 2981; x_wconf 87' lang='lat' dir='ltr'><strong>quae</strong></span> <span class='ocrx_word' id='word_1_261' title='bbox 628 2888 795 2983; x_wconf 90' lang='lat' dir='ltr'><strong>aproprii</strong></span> <span class='ocrx_word' id='word_1_262' title='bbox 832 2889 894 2957; x_wconf 87' lang='lat' dir='ltr'><strong>oris</strong></span> <span class='ocrx_word' id='word_1_263' title='bbox 926 2885 1126 2957; x_wconf 78' lang='lat' dir='ltr'><strong>confessione</strong></span> <span class='ocrx_word' id='word_1_264' title='bbox 1168 2881 1315 2981; x_wconf 90' lang='lat' dir='ltr'><strong>prooedit</strong></span> <span class='ocrx_word' id='word_1_265' title='bbox 1351 2881 1417 2978; x_wconf 84' lang='lat' dir='ltr'><strong>(i).</strong></span> 
     </span>
     <span class='ocr_line' id='line_1_29' title="bbox 434 2980 1506 3081; baseline -0.002 -31"><span class='ocrx_word' id='word_1_266' title='bbox 434 2998 544 3054; x_wconf 88' lang='lat' dir='ltr'><strong>autem</strong></span> <span class='ocrx_word' id='word_1_267' title='bbox 581 2982 738 3056; x_wconf 83' lang='lat' dir='ltr'><strong>confessio</strong></span> <span class='ocrx_word' id='word_1_268' title='bbox 776 2983 827 3054; x_wconf 83' lang='lat' dir='ltr'><strong>vel</strong></span> <span class='ocrx_word' id='word_1_269' title='bbox 863 2985 898 3053; x_wconf 91' lang='lat' dir='ltr'><strong>in</strong></span> <span class='ocrx_word' id='word_1_270' title='bbox 924 2983 1069 3081; x_wconf 64' lang='lat' dir='ltr'><strong>judicio.</strong></span> <span class='ocrx_word' id='word_1_271' title='bbox 1107 2981 1157 3052; x_wconf 83' lang='lat' dir='ltr'><strong>ael</strong></span> <span class='ocrx_word' id='word_1_272' title='bbox 1199 2997 1289 3052; x_wconf 85' lang='lat' dir='ltr'><strong>extra</strong></span> <span class='ocrx_word' id='word_1_273' title='bbox 1330 2980 1506 3065; x_wconf 78' lang='lat' dir='ltr'><strong>&#39;udicium3</strong></span> 
     </span>
     <span class='ocr_line' id='line_1_30' title="bbox 434 3007 1510 3179; baseline -0.002 -32"><span class='ocrx_word' id='word_1_274' title='bbox 434 3079 554 3153; x_wconf 86' lang='lat' dir='ltr'><strong>ideirco</strong></span> <span class='ocrx_word' id='word_1_275' title='bbox 589 3080 745 3152; x_wconf 81' lang='lat' dir='ltr'><strong>dividitur</strong></span> <span class='ocrx_word' id='word_1_276' title='bbox 776 3084 811 3151; x_wconf 89' lang='lat' dir='ltr'><strong>in</strong></span> <span class='ocrx_word' id='word_1_277' title='bbox 833 3079 1024 3179; x_wconf 87' lang='lat' dir='ltr'><strong>judicialem</strong></span> <span class='ocrx_word' id='word_1_278' title='bbox 1057 3096 1091 3150; x_wconf 89' lang='lat' dir='ltr'><strong>et</strong></span> <span class='ocrx_word' id='word_1_279' title='bbox 1125 3007 1409 3177; x_wconf 76' lang='lat' dir='ltr'><strong>extrajndiciaiem.</strong></span> <span class='ocrx_word' id='word_1_280' title='bbox 1445 3076 1510 3147; x_wconf 77' lang='lat' dir='ltr'><strong>iu·</strong></span> 
     </span>
     <span class='ocr_line' id='line_1_31' title="bbox 436 3176 1510 3273; baseline -0.002 -28"><span class='ocrx_word' id='word_1_281' title='bbox 436 3176 556 3249; x_wconf 86' lang='lat' dir='ltr'><strong>dioialis</strong></span> <span class='ocrx_word' id='word_1_282' title='bbox 588 3180 744 3252; x_wconf 84' lang='lat' dir='ltr'><strong>consessio</strong></span> <span class='ocrx_word' id='word_1_283' title='bbox 776 3204 939 3250; x_wconf 90' lang='lat' dir='ltr'><strong>summam</strong></span> <span class='ocrx_word' id='word_1_284' title='bbox 969 3180 1034 3247; x_wconf 85' lang='lat' dir='ltr'><strong>vim</strong></span> <span class='ocrx_word' id='word_1_285' title='bbox 1064 3176 1184 3266; x_wconf 63' lang='lat' dir='ltr'><strong>habet,</strong></span> <span class='ocrx_word' id='word_1_286' title='bbox 1212 3181 1256 3245; x_wconf 88' lang='lat' dir='ltr'><strong>ita</strong></span> <span class='ocrx_word' id='word_1_287' title='bbox 1282 3192 1318 3246; x_wconf 91' lang='lat' dir='ltr'><strong>ut</strong></span> <span class='ocrx_word' id='word_1_288' title='bbox 1350 3177 1408 3273; x_wconf 90' lang='lat' dir='ltr'><strong>qui</strong></span> <span class='ocrx_word' id='word_1_289' title='bbox 1438 3200 1510 3244; x_wconf 88' lang='lat' dir='ltr'><strong>eam</strong></span> 
     </span>
     <span class='ocr_line' id='line_1_32' title="bbox 437 3272 1512 3372; baseline -0.002 -29"><span class='ocrx_word' id='word_1_290' title='bbox 437 3279 544 3364; x_wconf 81' lang='lat' dir='ltr'><strong>emisit</strong></span> <span class='ocrx_word' id='word_1_291' title='bbox 573 3303 629 3347; x_wconf 89' lang='lat' dir='ltr'><strong>sua</strong></span> <span class='ocrx_word' id='word_1_292' title='bbox 661 3302 694 3347; x_wconf 89' lang='lat' dir='ltr'><strong>se</strong></span> <span class='ocrx_word' id='word_1_293' title='bbox 726 3279 886 3348; x_wconf 85' lang='lat' dir='ltr'><strong>sententia</strong></span> <span class='ocrx_word' id='word_1_294' title='bbox 925 3274 1167 3372; x_wconf 90' lang='lat' dir='ltr'><strong>quodammodo</strong></span> <span class='ocrx_word' id='word_1_295' title='bbox 1200 3273 1368 3343; x_wconf 89' lang='lat' dir='ltr'><strong>damnasse</strong></span> <span class='ocrx_word' id='word_1_296' title='bbox 1399 3272 1512 3342; x_wconf 85' lang='lat' dir='ltr'><strong>videa·-</strong></span> 
     </span>
     <span class='ocr_line' id='line_1_33' title="bbox 438 3370 1513 3465; baseline 0 -27"><span class='ocrx_word' id='word_1_297' title='bbox 438 3386 493 3439; x_wconf 87' lang='lat' dir='ltr'><strong>tur</strong></span> <span class='ocrx_word' id='word_1_298' title='bbox 522 3372 589 3465; x_wconf 51' lang='grc' dir='ltr'><strong>(ᾖ).</strong></span> <span class='ocrx_word' id='word_1_299' title='bbox 623 3370 688 3441; x_wconf 76' lang='lat' dir='ltr'><strong>sed</strong></span> <span class='ocrx_word' id='word_1_300' title='bbox 723 3392 760 3444; x_wconf 87' lang='lat' dir='ltr'><strong>ut</strong></span> <span class='ocrx_word' id='word_1_301' title='bbox 796 3400 833 3445; x_wconf 90' lang='lat' dir='ltr'><strong>ea</strong></span> <span class='ocrx_word' id='word_1_302' title='bbox 865 3376 948 3444; x_wconf 85' lang='lat' dir='ltr'><strong>vires</strong></span> <span class='ocrx_word' id='word_1_303' title='bbox 986 3372 1129 3461; x_wconf 83' lang='lat' dir='ltr'><strong>babeat,</strong></span> <span class='ocrx_word' id='word_1_304' title='bbox 1157 3370 1230 3441; x_wconf 89' lang='lat' dir='ltr'><strong>fieri</strong></span> <span class='ocrx_word' id='word_1_305' title='bbox 1266 3370 1364 3443; x_wconf 85' lang='lat' dir='ltr'><strong>debet</strong></span> <span class='ocrx_word' id='word_1_306' title='bbox 1392 3394 1411 3439; x_wconf 84' lang='lat' dir='ltr'><strong>a</strong></span> <span class='ocrx_word' id='word_1_307' title='bbox 1439 3396 1513 3439; x_wconf 89' lang='lat' dir='ltr'><strong>ma·</strong></span> 
     </span>
     <span class='ocr_line' id='line_1_34' title="bbox 434 3466 1511 3567; baseline -0.002 -30"><span class='ocrx_word' id='word_1_308' title='bbox 434 3470 508 3564; x_wconf 87' lang='lat' dir='ltr'><strong>jure</strong></span> <span class='ocrx_word' id='word_1_309' title='bbox 528 3466 576 3536; x_wconf 68' lang='lat'><strong>25</strong></span> <span class='ocrx_word' id='word_1_310' title='bbox 599 3472 710 3557; x_wconf 83' lang='lat' dir='ltr'><strong>annis,</strong></span> <span class='ocrx_word' id='word_1_311' title='bbox 735 3494 843 3541; x_wconf 86' lang='lat' dir='ltr'><strong>coram</strong></span> <span class='ocrx_word' id='word_1_312' title='bbox 873 3485 1082 3567; x_wconf 87' lang='lat' dir='ltr'><strong>competente</strong></span> <span class='ocrx_word' id='word_1_313' title='bbox 1106 3468 1220 3567; x_wconf 78' lang='lat' dir='ltr'><strong>judice</strong></span> <span class='ocrx_word' id='word_1_314' title='bbox 1250 3469 1323 3566; x_wconf 75' lang='grc' dir='ltr'><strong>(ὅ),</strong></span> <span class='ocrx_word' id='word_1_315' title='bbox 1356 3493 1395 3539; x_wconf 87' lang='lat' dir='ltr'><strong>ex</strong></span> <span class='ocrx_word' id='word_1_316' title='bbox 1425 3483 1511 3538; x_wconf 88' lang='lat' dir='ltr'><strong>oerta</strong></span> 
     </span>
     <span class='ocr_line' id='line_1_35' title="bbox 439 3565 1511 3665; baseline 0 -32"><span class='ocrx_word' id='word_1_317' title='bbox 439 3565 594 3654; x_wconf 74' lang='lat' dir='ltr'><strong>scientia,</strong></span> <span class='ocrx_word' id='word_1_318' title='bbox 627 3583 743 3661; x_wconf 82' lang='lat' dir='ltr'><strong>sponte</strong></span> <span class='ocrx_word' id='word_1_319' title='bbox 771 3584 869 3665; x_wconf 83' lang='lat' dir='ltr'><strong>atque</strong></span> <span class='ocrx_word' id='word_1_320' title='bbox 897 3566 1021 3658; x_wconf 83' lang='lat' dir='ltr'><strong>libere,</strong></span> <span class='ocrx_word' id='word_1_321' title='bbox 1052 3567 1167 3663; x_wconf 84' lang='lat' dir='ltr'><strong>procul</strong></span> <span class='ocrx_word' id='word_1_322' title='bbox 1202 3565 1244 3635; x_wconf 90' lang='lat' dir='ltr'><strong>ab</strong></span> <span class='ocrx_word' id='word_1_323' title='bbox 1278 3590 1387 3638; x_wconf 89' lang='lat' dir='ltr'><strong>errore</strong></span> <span class='ocrx_word' id='word_1_324' title='bbox 1410 3566 1511 3652; x_wconf 81' lang='lat' dir='ltr'><strong>sueti,</strong></span> 
     </span>
     <span class='ocr_line' id='line_1_36' title="bbox 441 3661 1514 3759; baseline 0.002 -29"><span class='ocrx_word' id='word_1_325' title='bbox 441 3685 508 3757; x_wconf 90' lang='lat' dir='ltr'><strong>qno</strong></span> <span class='ocrx_word' id='word_1_326' title='bbox 548 3661 687 3756; x_wconf 86' lang='lat' dir='ltr'><strong>probato</strong></span> <span class='ocrx_word' id='word_1_327' title='bbox 727 3664 817 3735; x_wconf 88' lang='lat' dir='ltr'><strong>nulla</strong></span> <span class='ocrx_word' id='word_1_328' title='bbox 863 3666 1020 3737; x_wconf 84' lang='lat' dir='ltr'><strong>consessio</strong></span> <span class='ocrx_word' id='word_1_329' title='bbox 1061 3680 1110 3735; x_wconf 89' lang='lat' dir='ltr'><strong>est</strong></span> <span class='ocrx_word' id='word_1_330' title='bbox 1147 3663 1228 3759; x_wconf 75' lang='lat'>(4);</span> <span class='ocrx_word' id='word_1_331' title='bbox 1265 3663 1407 3758; x_wconf 88' lang='lat' dir='ltr'><strong>denique</strong></span> <span class='ocrx_word' id='word_1_332' title='bbox 1444 3685 1514 3733; x_wconf 93' lang='lat' dir='ltr'><strong>non</strong></span> 
     </span>
     <span class='ocr_line' id='line_1_37' title="bbox 443 3760 1516 3861; baseline 0.003 -36"><span class='ocrx_word' id='word_1_333' title='bbox 443 3782 520 3852; x_wconf 85' lang='lat' dir='ltr'><strong>vaga</strong></span> <span class='ocrx_word' id='word_1_334' title='bbox 561 3774 595 3828; x_wconf 86' lang='lat' dir='ltr'><strong>et</strong></span> <span class='ocrx_word' id='word_1_335' title='bbox 626 3762 748 3832; x_wconf 84' lang='lat' dir='ltr'><strong>ineerta</strong></span> <span class='ocrx_word' id='word_1_336' title='bbox 788 3787 856 3834; x_wconf 89' lang='lat' dir='ltr'><strong>esse</strong></span> <span class='ocrx_word' id='word_1_337' title='bbox 895 3762 994 3835; x_wconf 88' lang='lat' dir='ltr'><strong>debet</strong></span> <span class='ocrx_word' id='word_1_338' title='bbox 1034 3762 1101 3859; x_wconf 77' lang='lat'><strong>(5)</strong></span> <span class='ocrx_word' id='word_1_339' title='bbox 1145 3760 1400 3861; x_wconf 78' lang='lat' dir='ltr'><strong>Eutrajudicialis</strong></span> <span class='ocrx_word' id='word_1_340' title='bbox 1431 3784 1516 3829; x_wconf 90' lang='lat' dir='ltr'><strong>eon-</strong></span> 
     </span>
     <span class='ocr_line' id='line_1_38' title="bbox 442 3856 1517 3956; baseline 0.001 -31"><span class='ocrx_word' id='word_1_341' title='bbox 442 3856 586 3927; x_wconf 87' lang='lat' dir='ltr'><strong>seasionis</strong></span> <span class='ocrx_word' id='word_1_342' title='bbox 621 3882 688 3927; x_wconf 92' lang='lat' dir='ltr'><strong>non</strong></span> <span class='ocrx_word' id='word_1_343' title='bbox 732 3875 822 3931; x_wconf 89' lang='lat' dir='ltr'><strong>tanta</strong></span> <span class='ocrx_word' id='word_1_344' title='bbox 860 3862 907 3930; x_wconf 82' lang='lat' dir='ltr'><strong>vis</strong></span> <span class='ocrx_word' id='word_1_345' title='bbox 940 3876 1007 3948; x_wconf 78' lang='lat' dir='ltr'><strong>est3</strong></span> <span class='ocrx_word' id='word_1_346' title='bbox 1048 3884 1157 3956; x_wconf 89' lang='lat' dir='ltr'><strong>neque</strong></span> <span class='ocrx_word' id='word_1_347' title='bbox 1195 3885 1235 3931; x_wconf 83' lang='lat' dir='ltr'><strong>ex</strong></span> <span class='ocrx_word' id='word_1_348' title='bbox 1274 3884 1310 3930; x_wconf 87' lang='lat' dir='ltr'><strong>ea</strong></span> <span class='ocrx_word' id='word_1_349' title='bbox 1352 3856 1517 3928; x_wconf 84' lang='lat' dir='ltr'><strong>confessus</strong></span> 
     </span>
     <span class='ocr_line' id='line_1_39' title="bbox 443 3954 1517 4051; baseline -0.001 -27"><span class='ocrx_word' id='word_1_350' title='bbox 443 3970 611 4051; x_wconf 84' lang='lat' dir='ltr'><strong>tamquam</strong></span> <span class='ocrx_word' id='word_1_351' title='bbox 648 3954 812 4051; x_wconf 86' lang='lat' dir='ltr'><strong>judicatus</strong></span> <span class='ocrx_word' id='word_1_352' title='bbox 863 3958 1024 4045; x_wconf 79' lang='lat' dir='ltr'><strong>habetur3</strong></span> <span class='ocrx_word' id='word_1_353' title='bbox 1067 3982 1181 4029; x_wconf 86' lang='lat' dir='ltr'><strong>aerum</strong></span> <span class='ocrx_word' id='word_1_354' title='bbox 1228 3972 1262 4029; x_wconf 85' lang='lat' dir='ltr'><strong>et</strong></span> <span class='ocrx_word' id='word_1_355' title='bbox 1305 3982 1342 4026; x_wconf 90' lang='lat' dir='ltr'><strong>ea</strong></span> <span class='ocrx_word' id='word_1_356' title='bbox 1382 3954 1517 4050; x_wconf 87' lang='lat' dir='ltr'><strong>plenam</strong></span> 
     </span>
     <span class='ocr_line' id='line_1_40' title="bbox 442 4050 1519 4147; baseline 0.003 -27"><span class='ocrx_word' id='word_1_357' title='bbox 442 4051 670 4147; x_wconf 85' lang='lat' dir='ltr'><strong>probationem</strong></span> <span class='ocrx_word' id='word_1_358' title='bbox 701 4057 890 4147; x_wconf 86' lang='lat' dir='ltr'><strong>constituit,</strong></span> <span class='ocrx_word' id='word_1_359' title='bbox 927 4059 953 4126; x_wconf 80' lang='lat' dir='ltr'><strong>ai</strong></span> <span class='ocrx_word' id='word_1_360' title='bbox 987 4080 1094 4127; x_wconf 87' lang='lat' dir='ltr'><strong>eoram</strong></span> <span class='ocrx_word' id='word_1_361' title='bbox 1130 4053 1333 4141; x_wconf 83' lang='lat' dir='ltr'><strong>adversario,</strong></span> <span class='ocrx_word' id='word_1_362' title='bbox 1366 4068 1400 4123; x_wconf 87' lang='lat' dir='ltr'><strong>et</strong></span> <span class='ocrx_word' id='word_1_363' title='bbox 1441 4050 1519 4123; x_wconf 89' lang='lat' dir='ltr'><strong>ido·</strong></span> 
     </span>
     <span class='ocr_line' id='line_1_41' title="bbox 444 4150 1192 4250; baseline 0.009 -34"><span class='ocrx_word' id='word_1_364' title='bbox 444 4150 513 4220; x_wconf 89' lang='lat' dir='ltr'><strong>neis</strong></span> <span class='ocrx_word' id='word_1_365' title='bbox 546 4152 731 4250; x_wconf 76' lang='lat' dir='ltr'><strong>rogatisque</strong></span> <span class='ocrx_word' id='word_1_366' title='bbox 762 4152 895 4225; x_wconf 87' lang='lat' dir='ltr'><strong>testibus</strong></span> <span class='ocrx_word' id='word_1_367' title='bbox 921 4154 1035 4226; x_wconf 85' lang='lat' dir='ltr'><strong>emissa</strong></span> <span class='ocrx_word' id='word_1_368' title='bbox 1063 4156 1104 4223; x_wconf 88' lang='lat' dir='ltr'><strong>sit</strong></span> <span class='ocrx_word' id='word_1_369' title='bbox 1126 4153 1192 4249; x_wconf 80' lang='lat'><strong>(6).</strong></span> 
     </span>
    </p>
   </div>
   <div class='ocr_carea' id='block_1_7' title="bbox 0 0 1828 5625">
    <p class='ocr_par' dir='ltr' id='par_1_7' title="bbox 0 0 1828 5625">
     <span class='ocr_line' id='line_1_42' title="bbox 0 0 1828 5625; baseline 0 0"><span class='ocrx_word' id='word_1_370' title='bbox 0 0 1828 5625; x_wconf 95' lang='lat' dir='ltr'><strong> </strong></span> 
     </span>
    </p>
   </div>
   <div class='ocr_carea' id='block_1_8' title="bbox 1482 2882 1604 2950">
    <p class='ocr_par' dir='ltr' id='par_1_8' title="bbox 1482 2882 1604 2950">
     <span class='ocr_line' id='line_1_43' title="bbox 1482 2882 1604 2950; baseline 0.008 -1"><span class='ocrx_word' id='word_1_371' title='bbox 1482 2882 1604 2950; x_wconf 82' lang='lat' dir='ltr'><strong>it.</strong></span> 
     </span>
    </p>
   </div>
  </div>
 </body>
</html>
