3575 5625
668 698 815 768 -519
839 741 888 752 -

247 844 449 935 coenobium,
493 862 569 916 utut
615 847 812 944 opulentum
855 845 1029 936 habeatur,
1078 848 1166 945 quod
1218 851 1310 918 novis

245 969 313 1015 non
351 960 443 1040 egeat
481 944 609 1016 dotium
659 943 911 1030 accessionibus3
952 971 989 1016 ac
1030 967 1116 1042 saepe
1150 949 1308 1044 inopinati

245 1067 334 1114 casus
369 1045 546 1133 eveniunt,
586 1068 728 1141 quorum
764 1041 975 1140 praecuveudu
1007 1059 1084 1112 aunt
1117 1041 1233 1114 damno
1275 1061 1309 1114 et

245 1141 475 1231 incommoda,
517 1167 561 1212 ne
604 1167 713 1212 serum
754 1139 934 1212 remedium
978 1138 1094 1210 frustra
1123 1157 1308 1238 quaeratur,

244 1243 270 1308 si
293 1240 429 1337 quando
451 1238 559 1311 subito
585 1241 723 1310 existant
747 1239 814 1337 (5),

284 1411 327 1493 (l)
347 1414 424 1475 Vide
438 1416 470 1476 S.
486 1413 627 1474 Thomum
647 1413 718 1474 Η
811 1421 832 1474 t.
860 1413 993 1474 100crt.
1014 1413 1033 1472 5
1052 1408 1093 1472 otl
1112 1413 1147 1486 ἐς
1164 1413 1196 1473 S.
1218 1414 1312 1472 Bona-

244 1502 399 1556 venturom
424 1516 444 1555 o
509 1504 567 1577 pet.
583 1502 677 1557 contr.
745 1513 821 1556 uera.
841 1497 894 1556 Fr.
918 1495 1028 1554 minor.
1052 1513 1083 1576 q.
1112 1495 1165 1570 t8;
1180 1495 1211 1555 S.
1235 1495 1313 1572 Ray-

245 1575 391 1637 mundum
415 1572 426 1636 l
457 1622 465 1636 .
490 1581 505 1638 l
530 1577 606 1639 titt
630 1575 658 1658 3.
678 1577 736 1651 223
753 1580 785 1638 S.
806 1577 966 1636 Antonium
984 1594 1052 1658 por.
1077 1577 1097 1637 2
1120 1578 1152 1637 G.
1170 1576 1187 1635 ll
1203 1571 1231 1656 3.
1256 1577 1311 1649 18;

243 1658 420 1736 Dionysium
433 1657 659 1720 carthusianum
674 1657 710 1719 de
726 1657 834 1719 umen.
850 1654 902 1718 lio.
918 1659 949 1718 S.

284 1739 329 1820 (2)
351 1743 415 1802 Sac.
438 1741 630 1820 Congregatio
652 1739 766 1802 concilii
784 1739 818 1799 io
840 1740 1007 1802 Bonout'ert.
1034 1741 1073 1800 ll
1095 1736 1187 1821 april.
1214 1739 1310 1814 llll,

243 1827 315 1882 tom.
349 1823 367 1881 5
388 1817 521 1883 thesaur.
543 1817 664 1882 recolet.
685 1839 755 1902 pop.
782 1823 842 1883 155
863 1828 892 1882 et
913 1839 974 1905 nep.
998 1820 1122 1884 Consule
1146 1824 1314 1903 Fagnauum

240 1902 274 1962 io
284 1920 356 1983 cop.
374 1905 447 1964 Nou
458 1898 588 1982 amplius
601 1900 743 1965 delectit.
758 1921 842 1964 num.
861 1905 912 1964 24.
979 1963 984 1970 ,

284 1981 330 2063 (5)
353 1987 434 2044 lianc
460 1982 579 2062 quidem
605 1984 950 2064 consuetudinemque
978 1983 1040 2045 lere
1074 1983 1184 2062 ubique
1215 1985 1312 2065 viget,

242 2083 396 2144 quamque
413 2065 573 2144 probarunt
591 2069 693 2128 Romae
705 2085 758 2126 con
846 2067 958 2143 tiones,
980 2069 1054 2128 ets.
1071 2065 1190 2127 carolus
1207 2069 1314 2127 Burro-

244 2166 341 2207 moeus
359 2147 393 2208 io
406 2145 509 2209 cowll.
525 2143 687 2210 Mediolon.
702 2152 715 2209 1
734 2147 779 2208 tit.
816 2166 831 2209 e
852 2148 946 2209 uouit.
962 2145 1004 2208 od
1015 2145 1143 2229 profem.
1159 2147 1309 2229 recipien„

243 2237 273 2288 et
286 2227 394 2290 concil.
409 2232 448 2291 11
470 2229 548 2289 inter
560 2229 658 2311 capitu
680 2227 816 2312 quodum
835 2227 876 2290 od
891 2226 1014 2290 montel.
1034 2228 1183 2312 pertineo.
1205 2248 1273 2312 cop.
1293 2235 1311 2290 2

244 2318 304 2372 oct.
320 2309 415 2372 coclea
429 2307 592 2372 Menona.
606 2330 678 2394 por.
695 2313 794 2394 lpup.
806 2312 842 2372 ll
859 2313 937 2372 etuti
950 2307 997 2372 ed.
1013 2310 1136 2372 Patauii
1151 2313 1243 2388 etot,
1261 2313 1315 2372 im·

244 2393 352 2471 probat
368 2397 431 2454 Van
446 2397 541 2472 Espen
558 2389 682 2454 cicuitio
700 2395 807 2454 aiutou.
825 2393 894 2453 circ.
910 2393 1035 2474 cupreos.
1057 2391 1192 2474 relipt'oo.
1208 2413 1272 2476 cop.
1292 2397 1311 2454 S

246 2482 274 2534 et
285 2477 303 2536 5
315 2473 343 2556 3.
358 2479 394 2551 5,
409 2483 496 2554 atque
507 2476 548 2535 ait
561 2482 661 2536 contre
671 2475 719 2554 jus
733 2474 866 2536 divinum
882 2483 913 2535 et
927 2475 1059 2535 naturale
1069 2493 1186 2554 peccare
1197 2494 1313 2537 monos-

246 2559 335 2634 teria‚
358 2575 509 2636 quaecum
533 2557 653 2618 idoneos
672 2557 798 2618 habeant
818 2556 947 2632 reditus,
968 2559 1117 2618 neminem
1139 2559 1228 2638 gratis
1243 2560 1314 2618 acci-

246 2641 342 2718 piunt.
368 2639 427 2701 Sed
445 2639 559 2699 nullum
585 2647 644 2715 est,
665 2648 697 2700 ut
713 2639 847 2700 observet
867 2638 1042 2701 Benedictus
1059 2642 1128 2702 xlv
1149 2637 1184 2700 de
1206 2637 1311 2721 synod.

248 2719 358 2784 dieuco.
383 2719 434 2782 tio.
456 2723 491 2782 ll
514 2739 581 2801 cop.
598 2723 616 2782 6
636 2740 719 2782 uum.
742 2723 776 2797 t,
802 2723 841 2782 ita
855 2721 961 2800 opibus
977 2722 1129 2782 abundans
1142 2721 1313 2782 monialium

247 2804 428 2876 cenobium,
443 2802 522 2881 quod
542 2801 624 2865 novis
640 2824 699 2864 non
722 2813 806 2884 egeat
830 2804 944 2866 dotium
968 2802 1194 2879 accessionibus,
1214 2811 1247 2864 ut
1266 2823 1315 2864 re-

246 2886 376 2947 medium
404 2886 543 2948 adhibeat
560 2885 681 2965 jactura
704 2888 748 2945 rei
774 2885 939 2961 familiaris,
967 2905 1054 2966 quom
1080 2885 1212 2963 quotidie
1233 2886 1312 2945 lacit.

247 2969 352 3031 confer
365 2968 567 3031 Christianum
583 2970 697 3047 Lupum
717 2967 750 3027 in
770 2976 831 3028 not.
849 2966 890 3028 od
904 2986 970 3028 coo.
990 2971 1029 3030 tu
1043 2986 1124 3028 conc.
1141 2966 1258 3027 Nicoeni
1283 2970 1316 3028 11

247 3070 327 3193 pppr
338 3058 414 3193 topi.
431 3053 536 3145 Spop.
558 3052 619 3111 500
632 3049 679 3111 ecl.
698 3050 802 3193 illini&
830 3050 998 3192 empne,
1016 3058 1054 3193 pp
1068 3048 1268 3111 Cabassutium
1284 3050 1315 3109 in

328 3153 368 3194 .e
394 3152 486 3214 proc.
495 3152 562 3215 pur.
577 3150 685 3193 conon.
742 3176 749 3191 .
802 3150 868 3213 cop.
917 3150 1002 3191 num.
1059 3176 1066 3191 .

291 3286 320 3387 §.
348 3286 430 3358 XV.
466 3286 518 3357 Ab
545 3288 596 3358 his
615 3286 897 3385 praestationibus,
939 3312 1019 3384 quas
1050 3283 1204 3357 moniales
1243 3311 1315 3384 pro·

247 3388 419 3461 sensionem
454 3387 640 3457 emittentes
668 3384 753 3457 dotia
781 3387 915 3457 nomine
946 3387 1141 3456 monasterio
1168 3382 1314 3473 solvunt,

247 3483 331 3555 hand
369 3482 464 3557 valde
499 3482 658 3554 differunt
688 3509 762 3581 qum
796 3510 814 3553 a
855 3485 1018 3556 canonicis
1058 3483 1227 3555 solvuntur
1267 3484 1316 3554 vel

248 3586 381 3681 antiqua
430 3580 683 3671 consuetudine,
733 3581 785 3653 vel
827 3581 953 3678 legibus
995 3607 1125 3652 suarum
1174 3581 1318 3653 ecclesia-

249 3704 341 3773 rum,
384 3705 461 3750 cum
498 3682 641 3777 primum
681 3683 887 3753 canonicatus
930 3680 1161 3779 possessionem
1202 3678 1319 3776 adipis·

249 3796 389 3868 cuntur,
426 3793 482 3847 aut
511 3803 587 3849 cum
623 3782 794 3875 participes
825 3777 912 3850 fiunt
945 3780 1111 3850 fructuum
1146 3793 1180 3849 et
1211 3778 1316 3848 dietri-

249 3876 437 3951 butionum.
478 3873 661 3948 Concilium
704 3876 935 3949 Tridentinum
968 3877 1024 3973 (l)
1060 3878 1093 3946 in
1125 3875 1186 3947 hoc
1209 3890 1316 3945 totum

249 3980 416 4071 negotium
451 3972 623 4069 diligenter
652 3976 815 4071 inquirere
848 3974 950 4048 voluit
988 3978 1197 4071 episcopum,
1226 3972 1317 4066 cujus

249 4089 296 4143 eet
328 4072 459 4162 videre,
500 4098 580 4143 num
612 4074 647 4143 in
690 4072 741 4143 his
783 4072 1045 4170 praestationibus
1091 4070 1198 4164 aliqua
1242 4069 1318 4137 insit

249 4172 394 4243 simoniae
431 4186 487 4240 aut
526 4174 667 4244 avo-itiae
711 4168 811 4241 labes.
858 4168 1051 4241 Retinendae
1088 4167 1176 4237 enim
1216 4179 1315 4254 sunt,

250 4293 324 4338 cum
367 4273 403 4339 in
441 4267 579 4341 ecclesie
615 4268 809 4357 utilitatem,
853 4270 962 4363 piosve
1008 4290 1082 4337 usus
1125 4278 1319 4335 convertun-
