3575 5625
920 717 1142 786 —230-

493 871 575 939 sioni
610 866 844 964 subjiciuntur,
887 865 963 960 quia
1000 879 1124 961 patrata
1153 876 1231 931 suut
1267 886 1284 930 a
1327 860 1470 948 clericis,
1511 865 1568 957 qui

493 964 634 1037 ecclesiae
669 965 821 1062 potestati
856 963 1061 1057 imperioque
1096 958 1247 1029 subsunt.
1291 956 1334 1031 At
1372 956 1463 1055 quod
1493 957 1568 1028 facit

492 1062 637 1152 ecclesia,
673 1077 711 1132 ut
735 1074 871 1157 propter
887 1061 944 1159 jus
968 1062 1004 1143 in
1030 1081 1184 1154 personas
1209 1056 1446 1128 animadvertat
1469 1057 1568 1127 ctiam

491 1163 527 1231 in
558 1160 717 1248 crimina,
751 1183 893 1255 quorum
923 1182 979 1227 sua
1013 1182 1082 1227 non
1111 1171 1194 1226 esset
1223 1158 1394 1243 coercitio,
1424 1152 1460 1222 id
1488 1155 1569 1224 civi·

490 1256 530 1328 lis
565 1256 745 1354 respublica
782 1256 913 1327 efficere
945 1278 1014 1325 non
1051 1268 1179 1349 potest,
1215 1268 1255 1323 ut
1282 1268 1419 1349 propter
1447 1254 1504 1349 jus
1534 1251 1568 1319 iu

412 1347 415 1355 ’
490 1380 643 1452 personas
678 1355 849 1443 laicorum,
879 1350 1009 1451 judicet
1045 1354 1144 1422 etiam
1179 1350 1220 1421 de
1246 1349 1458 1437 criminibus,
1493 1371 1568 1445 quae

492 1452 533 1523 ab
573 1455 610 1522 iis
649 1454 684 1524 in
723 1476 809 1522 sacra
856 1448 1034 1547 divinaque
1073 1446 1210 1519 admissa
1250 1464 1340 1519 sunt.
1380 1446 1467 1518 Nam
1513 1448 1569 1516 ha·

492 1577 567 1620 rum
600 1576 710 1621 rerum
748 1549 890 1643 cognitio
934 1563 968 1617 et
1006 1544 1239 1618 animadversio
1277 1562 1327 1616 est
1362 1569 1460 1639 supra
1491 1544 1569 1641 jura

492 1673 592 1719 merae
634 1646 844 1744 reipublicae,
883 1669 1062 1741 eurumque
1091 1643 1251 1743 judicium
1294 1660 1329 1714 et
1369 1657 1513 1738 potestas
1551 1668 1569 1710 a

491 1744 620 1815 Christo
647 1760 714 1815 tam
747 1747 779 1815 in
810 1743 965 1833 clericos,
998 1768 1098 1839 quam
1128 1744 1162 1811 in
1193 1740 1292 1813 laicos
1323 1744 1382 1813 uni
1421 1735 1568 1810 ecclesiae

830 2464 1136 2546 ’tmpus
1165 2463 1242 2547 11.

805 2684 842 2747 lic
859 2685 961 2749 Delictir
978 2693 1003 2750 et
1023 2704 1105 2751 corun
1123 2686 1256 2751 virisiaco.

496 3016 515 3066 l.
528 3015 593 3078 Quid
605 3015 736 3078 delictum,
747 3016 808 3084 quid
820 3016 961 3084 peccatum?
1070 3015 1112 3066 w.
1125 3015 1222 3067 cintia.

483 3081 527 3133 Ι11.
544 3083 673 3134 Peccatum
691 3082 764 3134 unius
779 3083 892 3136 unicis
912 3091 993 3151 potes·
1070 3081 1100 3132 V.
1113 3082 1200 3132 Mixto.

562 3149 605 3200 tati
617 3148 763 3216 subjectum.
1070 3147 1111 3199 vt.
1131 3147 1177 3198 Cui
1195 3146 1327 3197 mixtorum
1349 3145 1480 3197 criminum
1502 3145 1570 3213 judi-

495 3211 539 3264 111.
552 3213 645 3267 Delicta
656 3213 827 3267 ecclesiastica.
1135 3213 1200 3264 cium
1216 3211 1355 3278 competat?

990 3337 1022 3438 p.
1050 3340 1077 3411 1.

547 3484 761 3556 Cnrnrnttrun
794 3485 995 3583 judiciorum
1033 3489 1166 3558 materia
1195 3489 1231 3557 in
1270 3486 1394 3558 delictis
1431 3501 1480 3556 est
1517 3511 1573 3584 po

497 3584 568 3653 sita.
610 3583 668 3652 Est
703 3599 813 3654 autem
851 3583 1033 3673 delictum,
1066 3611 1124 3656 seu
1165 3587 1290 3656 crimen
1317 3583 1372 3679 (i)
1395 3581 1501 3655 libera
1541 3600 1576 3655 et

484 3679 679 3750 'voluntaria
719 3683 823 3769 actio,
852 3682 904 3752 rel
946 3683 1074 3753 omissio
1114 3686 1276 3753 contraria
1314 3681 1459 3776 legibus,
1506 3705 1574 3778 poe

498 3803 608 3874 nuque
646 3776 835 3848 coercenda.
871 3779 911 3849 In
939 3782 1029 3850 omui
1058 3778 1176 3851 delicto
1216 3782 1300 3850 inest
1331 3781 1430 3849 etiam
1462 3803 1576 3873 perea-

500 3889 592 3964 tum,
636 3873 727 3971 quod
762 3890 811 3945 est
840 3877 963 3972 quaevis
996 3876 1145 3972 improba
1185 3877 1306 3966 divini,
1346 3892 1403 3945 aut
1436 3873 1575 3946 humani

493 3975 579 4072 juris
615 3972 770 4057 violati03
816 3973 972 4068 quoniam
1011 3974 1099 4047 Deus
1137 3974 1285 4047 homines
1327 3997 1443 4069 parere
1478 3974 1579 4072 jussit

379 4111 382 4120 ·
500 4097 568 4143 non
595 4069 723 4142 tantum
751 4069 876 4165 legibus
900 4070 943 4141 ab
979 4097 1033 4161 se,
1065 4086 1122 4141 aut
1152 4069 1192 4141 ab
1226 4069 1357 4142 ecclesia
1381 4069 1473 4159 latis,
1519 4069 1577 4140 sed

499 4173 598 4240 etiam
630 4165 775 4264 iegibus,
806 4195 886 4265 quas
915 4169 1015 4240 civilis
1043 4183 1184 4266 potestas
1216 4171 1448 4256 constitueret,
1477 4191 1578 4264 quae·

500 4291 567 4362 que
601 4265 737 4358 divinis,
782 4283 839 4339 nut
877 4266 1094 4341 ecclesiasticis
1123 4265 1284 4339 mandatis
1322 4290 1390 4338 non
1425 4264 1578 4335 adversa·
