3575 5625
667 592 891 662 -ltt-

239 760 356 824 qnoque
369 742 439 821 jure
461 741 499 802 de
514 739 648 820 episcopo
662 741 854 802 comtitutum
869 749 913 803 cst
927 749 1049 826 propter
1061 741 1221 887 dignitatis
1236 763 1316 826 pns-

239 825 423 908 νοςαείυανη,
441 831 476 884 ut
494 823 590 902 inquit
608 823 774 884 Bonilnius
791 825 861 886 vlu
885 825 916 882 in
930 823 980 886 cit.
1004 843 1069 906 cop.
1137 824 1173 888 de
1195 828 1314 888 Senten.

239 916 320 1048 :ibic
339 903 442 1047 judici
464 905 498 964 in
521 906 553 966 6.
576 905 637 984 ligo
659 903 693 964 id
716 904 783 983 jure
804 903 946 1045 singplsrp
966 904 1003 966 de
1021 907 1157 1046 lepiscopo
1171 909 1316 1004 sancitum

238 996 1319 1161 „infaustissimuseuuscm

237 1150 315 1211 fecto
325 1152 486 1224 Pretorio,
496 1150 549 1228 qui
561 1145 650 1209 ncrbo
666 1154 844 1209 sementum
861 1144 992 1222 dicebat,
1009 1150 1198 1210 constitutum
1211 1151 1316 1230 luisse,

239 1230 343 1292 scribit
356 1230 546 1292 cassiodorus
567 1231 641 1290 Ver.
659 1226 710 1291 lib.
724 1231 744 1291 6
761 1248 847 1291 num.
863 1231 883 1290 5
899 1247 951 1290 seu
966 1228 1101 1292 Formati.
1115 1229 1206 1314 pref.
1222 1234 1317 1294 Prot.

235 1313 328 1454 bium
346 1309 395 1372 etl.
412 1310 587 1392 liotbonnop.
607 1313 701 1388 ists,
718 1310 770 1372 sed
788 1310 878 1372 ceteri
895 1310 1025 1372 illustres
1042 1310 1174 1392 judices,
1197 1311 1234 1373 dc
1251 1313 1319 1392 qui-

311 1392 411 1455 similc
433 1393 482 1470 jus
502 1392 617 1453 editum
632 1411 692 1453 nou
717 1393 830 1468 lucrat,
848 1389 1015 1454 definitivas
1034 1393 1193 1455 sententias
1211 1395 1319 1474 scripto

236 1473 565 1618 wffltdebcbcnt,
592 1491 688 1554 ncqm
710 1461 790 1536 certe
810 1472 938 1536 laudula
951 1472 999 1538 les
1020 1475 1106 1538 teos
1125 1473 1180 1536 bac
1197 1475 1321 1539 necessi·

290 1732 324 1847 S.
352 1731 428 1804 vll.
457 1731 585 1806 Colluta
615 1735 652 1802 in
676 1731 825 1805 libellum
851 1737 1012 1806 sententia
1048 1735 1089 1804 ab
1115 1737 1185 1831 ipso
1205 1736 1318 1834 judice

239 1830 407 1903 recitanda
431 1848 481 1902 ast
504 1847 538 1901 et
570 1854 647 1902 vero
668 1831 905 1928 presentibus,
932 1849 989 1903 aut
1023 1831 1140 1904 saltem
1169 1835 1203 1905 in
1246 1859 1318 1904 eam

241 1953 314 2002 rem
343 1933 465 2000 uocatis
498 1927 700 2028 litigantibus
720 1929 788 2024 (l).
837 1929 983 2017 Tantum
1021 1929 1181 2026 praelectis
1222 1931 1318 2002 Prae·

241 2027 328 2098 torio
368 2028 550 2124 ceterisque
596 2023 777 2096 illustribus
817 2026 1058 2126 magistratibus
1101 2025 1181 2100 Jurc
1231 2026 1317 2100 cirili

242 2147 435 2195 conessum
467 2137 542 2213 est,
577 2139 617 2193 ut
648 2147 709 2220 per
748 2123 915 2196 ministros
950 2149 1024 2198 suos
1059 2125 1235 2196 sententias
1277 2149 1317 2198 ex

242 2220 364 2295 ubelta
392 2222 530 2292 recitent
567 2218 640 2318 (ἓ),
677 2236 713 2292 et
748 2220 899 2317 exemplo
930 2219 1105 2294 illustrium
1144 2223 1318 2317 magistra·

243 2333 341 2390 tuum
382 2317 567 2389 Bonifatius
613 2315 692 2388 vill
737 2320 891 2406 sancivit,
945 2335 983 2388 ut
1030 2320 1127 2389 etiam
1175 2321 1317 2416 episcopi

242 2417 421 2487 sententias
438 2441 510 2486 suas
536 2440 596 2513 per
628 2415 707 2488 alios
725 2414 894 2512 proferant
921 2414 989 2511 (ὅ).
1022 2413 1088 2488 Sed
1112 2417 1183 2513 jam
1196 2417 1318 2516 ubique

241 2528 414 2608 receptum
452 2529 523 2602 est,
563 2527 600 2583 ut
626 2510 779 2611 judicum
812 2515 985 2584 sentcntiae
1025 2538 1085 2610 per
1116 2513 1194 2584 elios
1233 2515 1320 2585 reci·

240 2624 361 2680 tentur
383 2609 461 2705 (4);
484 2611 552 2682 imo
581 2608 669 2707 apud
700 2633 759 2679 nos
784 2633 803 2678 a
824 2611 959 2680 nemine
987 2612 1147 2680 sententia
1179 2609 1318 2706 legitur,

241 2705 304 2777 scd
330 2732 403 2777 eum
423 2709 536 2778 lutum
558 2720 592 2779 et
615 2707 841 2804 publicatam
871 2707 1016 2778 noterius
1050 2706 1206 2802 peculiari
1235 2707 1320 2778 libro

242 2803 358 2876 scribit
392 2830 496 2901 caque
524 2820 605 2878 tuuc
629 2804 745 2902 incipit
784 2805 968 2875 simenem
999 2828 1156 2877 exserere.

288 3014 331 3097 (l)
353 3017 388 3077 b.
414 3018 434 3076 2
457 3012 520 3077 coel.
547 3012 584 3077 tle
612 3016 731 3078 Senten.
759 3034 798 3076 ec
817 3014 913 3110 peric.
938 3015 1081 3093 recitcn.,·
1108 3013 1172 3077 cod.
1200 3013 1258 3076 ult.
1286 3014 1322 3077 cic

244 3100 366 3160 &siun
383 3106 411 3158 et
425 3116 458 3158 re
466 3094 566 3178 judic.
586 3096 620 3158 in
636 3100 667 3157 6.
693 3100 874 3159 Sententiam
890 3113 926 3156 ex
949 3096 1066 3169 tabells,
1088 3113 1140 3157 seu
1163 3114 1199 3155 cx
1217 3097 1325 3173 scripto

243 3181 440 3260 pronuntiare
454 3180 485 3238 in
501 3179 569 3257 jure
586 3178 666 3238 civili
680 3177 789 3239 dieitur
802 3194 840 3238 ec
863 3174 997 3259 periculo
1017 3176 1158 3251 recitare,·
1186 3176 1266 3237 unde
1285 3179 1324 3236 ti-

244 3261 330 3321 tulus
356 3261 471 3323 Codicis
493 3258 529 3320 sle
552 3258 713 3321 Sententiis
735 3278 773 3322 ec
793 3254 930 3341 periculo
956 3255 1130 3319 recitandis.
1153 3260 1249 3318 Exstst
1275 3256 1325 3321 bic

244 3341 328 3403 idem
345 3342 448 3403 titulus
462 3342 494 3401 iu
510 3340 616 3405 Codice
635 3340 839 3405 'theodosiano
855 3337 906 3401 tt.
927 3342 948 3401 l
971 3338 1017 3401 tit.
1034 3341 1084 3400 ll.
1098 3344 1142 3403 De
1161 3338 1212 3401 illo
1225 3346 1324 3401 cutem

244 3422 341 3485 verbo
355 3420 499 3504 periculi,
517 3440 553 3483 cx
571 3440 630 3503 quo
645 3422 800 3485 sentcntiae
816 3422 994 3497 recitantur,
1020 3421 1121 3483 multe
1142 3428 1210 3484 sunt
1230 3422 1326 3484 inter-

245 3522 310 3584 que
326 3521 358 3565 se
375 3504 573 3583 discrepantes
593 3503 747 3566 doctorum
764 3502 918 3565 hominum
934 3502 1097 3584 opiniones.
1114 3504 1217 3565 Plures
1238 3511 1323 3581 sunt,

245 3585 303 3666 qni
319 3592 480 3663 utrumque
493 3586 590 3647 locum
610 3585 642 3645 in
659 3585 765 3648 Codice
781 3584 985 3649 Theodosiauo
1003 3592 1031 3644 et
1056 3585 1238 3647 iustinianeo
1258 3602 1325 3645 cor·

244 3673 373 3745 ruptum
386 3674 509 3746 putant,
532 3684 566 3726 cc
582 3666 741 3747 legendum
767 3665 950 3728 contendunt
971 3663 1006 3727 cie
1022 3665 1181 3727 Sententiis
1201 3684 1236 3726 ex
1254 3664 1326 3726 hre-

245 3748 348 3810 viculo
371 3746 546 3822 recitando,
577 3756 665 3826 atquc
689 3748 731 3809 ite
757 3748 890 3809 sentiunt
921 3746 1049 3808 Alciatus
1075 3746 1238 3829 Dispunct.
1267 3748 1324 3826 203

247 3834 402 3893 Pes-renen
430 3826 700 3904 coenaturus,
731 3831 791 3906 173
818 3828 985 3891 Ferrendus
1011 3827 1177 3891 Adducnsis
1204 3825 1326 3909 Explic.

177 3946 184 3954 ·
246 3908 336 3973 tint
356 3910 434 3991 apud
452 3909 635 3974 Evcrardum
648 3914 788 3973 Ottonens
815 3907 900 3971 Thes.
911 3908 979 3993 jur.
1002 3908 1058 3969 αὐ.
1087 3917 1108 3972 t.
1126 3912 1145 3969 8
1161 3927 1232 3991 pop.
1252 3911 1324 3981 ott,

244 3991 369 4073 aliique,
395 4000 482 4070 atque
506 3991 570 4051 htcc
596 3993 684 4053 etium
703 3992 790 4052 lectio
812 3990 972 4071 probabilis
999 3988 1118 4051 vitietur
1144 3988 1266 4052 Doncllo
1291 3988 1327 4049 de

243 4078 322 4136 Jur.
344 4070 425 4135 civil.
447 4070 497 4135 lib.
515 4074 556 4133 28
572 4090 637 4167 cap.
655 4075 674 4134 5
691 4091 777 4135 num.
800 4074 838 4134 lo
851 4090 921 4156 opp.
939 4080 1008 4134 nm.
1031 4068 1120 4133 beot.
1136 4072 1196 4132 405
1208 4069 1258 4129 cit.
1274 4066 1322 4130 ccl.

241 4156 347 4218 sucae.
369 4153 427 4217 scd
450 4172 520 4217 vers
547 4154 633 4216 lectio
661 4162 706 4217 est
732 4172 769 4217 ec
792 4148 943 4237 periculis,
969 4169 1057 4232 quam
1084 4150 1177 4214 solide
1203 4157 1326 4211 tuentur
