3575 5625
682 583 878 652 ...81-

242 724 332 802 hujus
344 727 487 804 sequamn
502 726 597 788 locum
608 728 791 806 potissimum
803 731 953 792 constituit
966 735 1177 796 monasterium
1191 755 1260 820 cap.
1277 742 1316 801 tt

241 803 275 868 tle
300 805 443 882 Probat,
467 808 545 886 quod
571 819 601 870 et
620 811 681 888 ipsc
699 810 885 886 Boehmerus‚
912 812 1000 875 homo
1027 833 1064 876 ex
1091 822 1316 896 protestantium

241 907 380 960 numero,
401 907 587 970 summopere
606 891 706 953 laudat
727 889 777 954 lib.
805 893 987 956 incentat.
1009 897 1056 960 tit.
1078 900 1117 960 tr
1141 898 1167 980 S.
1190 903 1224 980 t,
1248 922 1317 964 cum

240 969 287 1029 rix
302 971 396 1032 tutior
407 980 436 1032 ot
451 973 632 1034 commodior
642 974 723 1035 locus
733 976 860 1036 inveniri
870 977 971 1055 possit.

532 1518 851 1616 {Mum
889 1525 1038 1615 VH·

621 1743 657 1809 lic
671 1745 732 1808 titis
747 1746 935 1812 tontestotionc.

708 1955 848 1968 -α--ι

245 2093 263 2142 Ι.
275 2093 334 2144 titis
346 2095 490 2147 contestatio
499 2095 576 2163 quid?

244 2157 264 2209 Π
286 2159 413 2222 Quomodo
426 2161 484 2212 flat,
821 2098 863 2148 iii.
878 2098 1007 2165 Eajudicii
1020 2099 1116 2152 initium
1125 2111 1169 2153 aa.

774 2095 781 2220 i
820 2163 859 2215 IV.
873 2163 979 2216 Effectus
990 2166 1040 2217 litis
1050 2167 1240 2220 contestationis.

735 2277 766 2377 §.
796 2279 822 2351 Ι.

288 2424 368 2495 Lina
398 2451 457 2520 per
489 2424 638 2496 libellum
675 2429 791 2498 actoris
822 2443 855 2496 ct
889 2429 1077 2500 citationem
1112 2447 1314 2527 praeparatu,

243 2522 309 2616 ejus
337 2521 593 2593 fundamentum
625 2525 766 2621 jacitur,
800 2523 890 2623 qnod
921 2527 955 2595 in
991 2528 1225 2598 contestatione
1253 2551 1317 2624 po·

244 2620 337 2690 situm
378 2635 438 2691 est.
482 2620 560 2690 Litis
590 2623 781 2693 contestatio
820 2623 985 2717 legitimus
1018 2638 1068 2692 est
1106 2639 1215 2714 actus,
1250 2651 1317 2721 quo

243 2732 326 2788 actor
366 2742 476 2788 coram
514 2717 626 2816 judice
670 2722 824 2817 proponit
860 2721 1054 2817 petitionem
1092 2746 1203 2810 suum,
1242 2747 1316 2793 reus
1402 2741 1406 2749 '

243 2832 347 2885 antem
389 2832 485 2911 negat
521 2842 554 2887 se
598 2842 762 2899 cessmum
798 2820 972 2916 petitioni,
1005 2818 1168 2915 judicium
1209 2835 1243 2889 et
1273 2818 1318 2889 li·

241 2926 304 2983 tem
342 2916 381 2983 in
417 2940 451 2985 se
485 2916 644 3011 recipiens
677 2914 743 3010 (i).
787 2916 835 2985 Ex
870 2940 938 3013 quo
973 2932 1064 3011 potet
1106 2918 1317 2987 necessariam

242 3034 303 3080 cese
355 3010 647 3083 contradictionem
696 3011 737 3080 ud
782 3015 876 3085 litem
923 3012 1190 3102 contestandum,
1241 3016 1317 3108 quia

243 3106 325 3177 nulla
354 3106 396 3177 lis
431 3125 514 3195 ests
532 3134 608 3180 cum
644 3134 717 3180 reus
759 3112 903 3181 affirmet
935 3109 973 3177 id
1010 3107 1100 3204 quod
1135 3107 1176 3177 ab
1209 3124 1318 3180 actore

243 3208 436 3302 proponitur
467 3206 534 3301 (⁰2).
572 3204 662 3279 Num
686 3208 763 3304 jure
799 3206 884 3277 cirili
916 3203 958 3275 ad
1001 3203 1245 3283 contestandum
1274 3204 1316 3276 li-

241 3313 324 3391 tem,
368 3306 487 3374 actoris
532 3320 565 3373 et
599 3306 645 3375 rei
679 3307 850 3401 praescntia
890 3328 927 3374 ac
958 3327 1036 3375 voce
1065 3304 1106 3372 sit
1136 3326 1238 3399 opus,
1261 3304 1317 3373 in-

240 3414 362 3469 certum
394 3414 703 3498 controversumque
734 3417 801 3489 est3
835 3400 892 3472 sed
919 3402 975 3499 jus
1009 3402 1201 3472 canonicum
1237 3417 1316 3471 tan·

240 3507 306 3565 tum
343 3500 484 3593 requirit
500 3504 704 3594 petitionem
732 3503 774 3570 in
793 3507 885 3596 jure
1057 3502 1139 3571 ‘tem
1177 3512 1212 3571 et
1247 3524 1315 3570 ree·

235 3600 438 3685 pontonem
460 3608 668 3691 sequutum,
695 3611 852 3692 praetereu
868 3595 982 3694 nihil(
1007 3596 1036 3693 ).

276 3738 316 3821 (t)
337 3744 413 3823 Cap.
428 3760 483 3803 un.
500 3740 536 3803 de
550 3740 595 3803 ttt.
610 3751 732 3804 contest.

276 3820 315 3901 (i)
338 3827 438 3899 Quare
453 3824 570 3901 probari
588 3842 646 3885 non
663 3832 773 3903 potest,
795 3844 860 3903 quae
875 3824 976 3886 multis
992 3822 1113 3903 probata
1130 3831 1190 3899 est,
1207 3824 1313 3885 divisio

240 3905 452 3967 contestationis
461 3906 521 3966 litis
535 3907 565 3965 in
582 3908 743 3986 negativam
759 3915 788 3967 ct
802 3906 1021 3977 affirmativam,
1033 3906 1077 3965 uti
1087 3906 1215 3967 ostendit
1224 3910 1315 3969 Joan-

240 3998 286 4043 nes
307 3988 419 4047 Voetus
444 3988 477 4047 in
505 3985 648 4049 Pendeat.
676 3985 727 4048 tit.
757 3990 774 4049 5
794 3988 839 4049 tit.
859 3992 874 4050 t
898 4006 984 4049 oum.
1006 3988 1078 4048 tto.
1099 3989 1205 4049 Confer
1222 3989 1311 4047 etiam

239 4064 377 4128 Vinnium
392 4065 494 4128 Sciret.
511 4078 617 4153 qooest.
635 4065 685 4129 tt.
705 4073 799 4151 tcap.
816 4071 866 4130 tt.

274 4144 314 4227 (5)
336 4150 490 4209 videndus
502 4152 643 4213 Gonzulez
659 4150 690 4210 in
705 4170 770 4233 cup.
786 4170 840 4212 ott.
858 4170 944 4213 nunt.
960 4152 979 4213 8
993 4148 1030 4211 do
1041 4146 1087 4211 ttt.
1103 4154 1224 4210 contest.

332 4255 412 4301 rou.
442 4254 475 4299 n.
1185 4226 1209 4294 5
