3575 5625
887 644 1109 715 —208—

457 793 624 855 transactio
641 792 762 871 quidem
778 810 930 871 nunquam
946 801 990 855 cst
1002 794 1145 875 gratuita,
1163 794 1215 854 scd
1226 800 1344 872 pactum
1359 801 1389 854 ct
1403 793 1532 875 gratuito

455 874 505 951 fit,
534 882 567 934 ut
589 874 621 969 ip
639 878 672 937 L.
699 872 767 1017 tp.
791 872 826 937 de
853 883 1014 951 transcat,
1039 884 1070 970 et
1096 893 1164 936 cum
1191 877 1288 970 pretio
1313 883 1402 969 atque
1434 875 1535 969 aliquq

456 956 725 1025 dato,ut1uL.i
765 952 801 1036 ff.
825 952 860 1015 de
875 965 975 1037 poet,
992 965 1021 1017 et
1037 976 1070 1017 m
1089 960 1122 1019 L.
1141 960 1160 1017 6
1176 955 1204 1038 S.
1221 957 1254 1017 Sc
1279 976 1364 1041 quta,
1380 964 1409 1017 et
1425 954 1453 1037 §.
1475 959 1535 1033 Qus

448 1038 541 1119 jussu
549 1036 584 1120 ff.
593 1034 629 1097 de
639 1034 686 1098 itis
697 1044 862 1120 quinoton.
873 1036 984 1120 insum.
993 1028 1058 1101 Non
1070 1038 1161 1119 igitur
1171 1040 1203 1099 iu
1216 1041 1250 1099 L.
1264 1041 1279 1100 1
1294 1036 1375 1122 pide
1387 1046 1532 1099 trostaact.

454 1120 504 1179 iila
523 1128 567 1181 est
583 1118 767 1213 mirmanda,
786 1138 853 1199 quae
874 1121 962 1200 vulgo
985 1119 1160 1197 adhibetur,
1177 1120 1337 1181 verborum
1361 1121 1532 1198 interpunc-

454 1202 512 1271 tio,
535 1226 547 1253 ιι
562 1202 619 1275 Qui
631 1208 802 1278 paciscitur,
814 1200 981 1262 donationis
992 1221 1077 1262 causa
1088 1220 1153 1262 rem
1166 1210 1277 1261 certam
1287 1211 1359 1276 cto,
1374 1201 1425 1261 scd
1436 1200 1534 1281 legen·

454 1281 526 1341 dum
549 1291 608 1359 est,
633 1290 666 1342 ut
688 1282 797 1353 Gracci,
825 1289 854 1341 ct
872 1282 980 1344 horum
998 1283 1132 1362 exemplo
1151 1283 1309 1363 Dionysius
1334 1282 1534 1345 Gothoiredus

454 1363 572 1443 legunt:
605 1388 618 1415 ιι
644 1363 701 1439 Qui
725 1363 879 1441 paciscitur
903 1364 1069 1425 donationis
1087 1384 1189 1439 eausa,
1209 1384 1275 1425 rem
1293 1372 1402 1425 cenam
1417 1390 1430 1416 n
1459 1373 1531 1435 etc..

453 1443 934 1605 gggffilzfloflgampiaztlffizffisifi
939 1444 1068 1528 liliusffi
1084 1444 1121 1507 de
1129 1446 1230 1529 poetis
1240 1447 1383 1525 scriptum
1396 1453 1456 1506 cst:
1477 1447 1533 1507 «Si

503 1678 535 1779 §.
565 1678 624 1749 Vi.
648 1682 751 1753 Porro
780 1680 852 1753 haec
877 1682 946 1754 duo
977 1684 1012 1753 in
1045 1685 1260 1755 transactione
1293 1685 1428 1753 omnino
1456 1698 1534 1752 sunt

454 1782 648 1869 necessaria,
685 1796 723 1850 ut
753 1780 875 1851 scilicet
901 1779 998 1852 detur
1027 1777 1172 1877 aliquid,
1211 1796 1268 1851 aut
1299 1778 1421 1876 aliquid
1452 1805 1534 1875 pro-

454 1880 624 1967 mittatur,
667 1894 770 1974 utque
804 1877 847 1949 de
885 1904 921 1949 re
959 1878 1060 1949 dubia
1100 1877 1169 1951 fiat.
1216 1878 1302 1949 Nam
1351 1880 1530 1973 promisso,

454 1974 570 2046 datore
606 1975 710 2063 nihii,
739 1977 885 2071 itemque
913 1976 956 2045 de
982 2002 1018 2048 rc
1046 1992 1133 2047 certa
1162 1978 1334 2047 transactio
1364 1973 1435 2045 fieri
1463 2000 1532 2045 non

454 2088 561 2167 potest
583 2071 650 2167 (i).
670 2073 755 2142 Hinc
775 2074 871 2143 etiam
893 2088 968 2169 post
982 2076 1176 2144 sententiam
1191 2092 1279 2145 recte
1302 2075 1530 2167 transigimus,

456 2172 531 2265 quia
558 2167 665 2239 adhuc
693 2172 836 2241 incertus
857 2186 908 2240 cst
930 2171 997 2241 litis
1018 2175 1141 2261 exitus,
1169 2170 1227 2242 sed
1252 2195 1320 2242 uon
1342 2172 1440 2241 etiam
1459 2186 1535 2266 post

452 2287 526 2337 rem
566 2266 727 2337 udicatam
766 2285 799 2338 et
828 2294 903 2339 cum
932 2269 1123 2365 proculcat
1155 2271 1261 2339 omnis
1288 2268 1353 2338 litis
1385 2266 1535 2337 redintei

452 2294 585 2458 gramine
613 2382 720 2435 metus
753 2364 823 2465 (ᾖ).
863 2362 930 2436 Sed
957 2365 1236 2463 quemadmodum
1274 2368 1351 2464 jure
1381 2364 1532 2435 Romano

454 2464 628 2533 transactio
657 2488 755 2559 super
777 2490 813 2534 re
835 2462 981 2561 judicata
1007 2462 1213 2552 firmabatur,
1246 2490 1321 2534 cum
1350 2488 1408 2559 per
1430 2465 1534 2558 Aqui·

453 2558 573 2628 lianam
600 2560 842 2655 stipulationem
875 2577 910 2631 et
938 2561 1216 2657 acceptilationcm
1236 2563 1291 2658 jus
1314 2585 1355 2630 ex
1383 2584 1419 2629 re
1435 2558 1535 2658 judi-

454 2671 524 2726 cata
552 2660 727 2753 quaesitum
755 2663 825 2755 ipso
842 2660 918 2757 jure
944 2659 1166 2755 perimebatur
1193 2659 1271 2755 (ὅ),
1296 2673 1332 2728 et
1351 2660 1534 2751 gratuitum

452 2753 653 2850 probabatur
680 2782 778 2854 super
805 2781 841 2826 re
862 2756 1008 2854 judicata
1034 2772 1186 2853 pactum,
1216 2773 1385 2853 tamquam
1415 2754 1534 2826 libera-

453 2853 573 2923 torium
597 2869 630 2924 ct
657 2853 841 2926 donationis
869 2880 964 2925 causa
996 2871 1192 2952 conceptum
1218 2855 1286 2951 (4),
1313 2857 1357 2924 ita
1383 2853 1531 2925 moribus

453 2966 621 3046 receptum
654 2968 722 3042 est,
752 2951 857 3024 valere
884 2955 1134 3040 transactiones,
1159 2977 1235 3049 quae
1267 2978 1365 3050 super
1396 2953 1529 3046 negotio

453 3071 491 3117 ex
516 3075 551 3120 rc
568 3048 715 3147 judicata
741 3066 831 3122 certo
855 3053 946 3122 initae
971 3065 1050 3121 suot
1078 3051 1145 3147 (5).

494 3195 537 3276 (i)
558 3201 591 3258 L.
606 3201 646 3259 58
660 3197 724 3260 cod.
741 3197 776 3260 tie
792 3207 938 3261 transcat.

493 3279 534 3358 (⁹2)
556 3283 589 3340 L.
607 3283 641 3342 51
665 3281 729 3342 cod.
745 3279 810 3342 eod.
834 3284 947 3343 Verum
965 3280 1002 3340 ad
1022 3281 1246 3341 transactionem
1261 3289 1341 3340 recte
1366 3278 1526 3340 ineundam

452 3359 522 3418 satis
536 3377 598 3420 esse
613 3361 673 3422 litis
688 3369 816 3434 matum,
832 3364 975 3441 scriptum
988 3371 1033 3422 est
1047 3363 1078 3422 iu
1092 3365 1125 3423 L.
1142 3363 1161 3423 2
1176 3359 1241 3422 cod.
1258 3360 1322 3422 eod.

494 3439 536 3518 (5)
558 3443 591 3500 L.
606 3444 644 3500 52
657 3441 720 3502 cod.
735 3440 770 3503 de
790 3445 952 3505 Transeat.

493 3518 535 3598 (t)
557 3525 590 3581 L.
609 3525 627 3580 7
646 3522 672 3604 §-
693 3523 728 3583 Si
743 3521 933 3608 paciscorff.
956 3521 991 3585 de
1009 3524 1122 3606 pactas5
1148 3526 1255 3586 Paulus
1274 3532 1380 3605 recept.
1400 3532 1526 3585 aarum.

454 3597 503 3660 lib.
529 3605 542 3662 t
562 3601 609 3663 tit.
629 3606 640 3662 t
667 3602 693 3684 5.
720 3606 754 3677 5,
774 3604 874 3682 ibique
894 3606 1094 3688 Schultingius
1119 3606 1152 3668 in
1172 3615 1233 3668 not.
1260 3627 1291 3666 n.
1320 3609 1358 3668 15
1370 3625 1444 3686 pap.
1469 3609 1532 3667 290

454 3681 525 3743 edit.
542 3683 652 3764 tipsiae
668 3686 760 3746 1757.

491 3763 534 3844 (a)
555 3764 708 3826 Videndus
724 3769 943 3849 Groenewcgcn
964 3767 1005 3830 ad
1015 3772 1050 3829 L.
1069 3773 1087 3831 7
1105 3769 1160 3852 §.t
1183 3770 1271 3855 fficio
1284 3778 1426 3832 transcat.
1448 3789 1479 3828 a.
1494 3773 1527 3830 ·2.

500 3892 530 3994 §.
564 3893 638 3965 vlt.
676 3895 915 3968 Transactionis
945 3925 1082 3995 magnus
1111 3902 1245 3998 injure
1278 3901 1369 3972 favor
1399 3916 1433 3971 et
1456 3925 1534 3971 auc-

453 3995 564 4065 toritas
608 4009 669 4064 est.
714 3993 798 4068 Nam
838 4021 875 4067 aa
911 4014 1036 4069 mutuae
1074 3999 1322 4093 transigentium
1364 4002 1534 4070 renuntia·

450 4093 548 4162 tionis
584 4093 650 4164 vim
690 4092 811 4180 habeta
854 4119 922 4191 quo
965 4093 1028 4186 fit,
1073 4113 1112 4166 ut
1154 4099 1262 4168 omnia
1303 4121 1417 4167 eorum
1450 4097 1536 4193 jura

450 4187 609 4262 tollantur
645 4190 719 4289 (i),
748 4195 917 4290 pariatque
948 4194 1013 4264 litis
1051 4193 1156 4265 finitas
1196 4196 1419 4291 exceptionem
1452 4193 1535 4289 (2),
