3575 5625
690 687 885 762 ..41-

246 839 438 912 naturaliter
468 865 530 937 pro
553 863 587 912 se
620 863 714 935 agere
741 864 778 910 ac
806 838 1010 935 semetipsam
1041 836 1218 911 defendere
1248 868 1317 914 non

246 955 355 1036 potest
391 937 461 1033 (5).
500 935 634 1010 Accedit
668 936 757 1034 quod
791 963 809 1006 a
843 940 967 1008 cunctis
993 952 1128 1008 tractata
1156 941 1317 1012 universi·

246 1040 321 1108 tatis
351 1039 480 1133 negotia
514 1052 673 1134 perpetuo
703 1033 846 1108 dissensu
885 1033 977 1105 facile
1008 1035 1239 1124 turbarentur3
1280 1065 1319 1109 ac

244 1159 520 1232 supervacaneum
559 1138 666 1206 visum
694 1149 762 1224 est,
799 1133 911 1230 plures
947 1158 967 1203 a
997 1137 1136 1230 propriis
1177 1134 1318 1208 abstrahi

246 1236 385 1328 negotiis
417 1250 452 1305 et
485 1236 652 1305 communi
692 1257 802 1304 vacare
843 1254 948 1304 mruae
989 1234 1222 1324 univcrsitatis,
1265 1237 1319 1306 cui

244 1331 427 1403 tractanda
452 1335 560 1429 potuit
580 1358 666 1402 unus
687 1330 846 1404 sufficere.
874 1331 921 1402 Ea
945 1329 987 1401 de
1012 1355 1105 1402 carisa
1132 1356 1210 1402 curn
1239 1332 1318 1405 olim

246 1428 400 1500 nondum
427 1430 540 1501 liceret
566 1428 670 1501 alieno
706 1431 839 1502 nomine
860 1427 987 1530 judicio
1016 1430 1176 1526 experiri,
1207 1445 1317 1503 umen

247 1551 311 1622 pro
334 1530 544 1600 universitate
574 1526 692 1600 licebat
719 1529 785 1626 (6).

290 1733 335 1818 (1)
355 1741 454 1800 Exstat
467 1738 499 1800 in
513 1737 705 1801 domatibus
721 1741 810 1820 Grcg.
827 1741 868 1801 tx
881 1738 985 1800 titulus
998 1735 1034 1800 de
1052 1737 1197 1823 Syodico,
1214 1740 1318 1819 atejus

249 1837 369 1898 quoque
382 1822 492 1881 mentio
505 1829 547 1883 est
565 1821 597 1883 ia
611 1824 648 1884 L.
668 1825 686 1883 6
708 1819 734 1903 3.
753 1819 810 1884 Sed
827 1821 856 1883 si
873 1820 963 1904 itoff.
984 1819 1069 1898 Quod
1085 1820 1231 1906 cujusque
1248 1823 1321 1884 uai-

250 1900 369 1978 oerait,
380 1909 407 1962 et
424 1904 456 1962 io
474 1904 511 1963 L.
528 1904 565 1964 18
579 1903 605 1986 3.
625 1903 664 1965 15
678 1902 713 1988 ff.
730 1901 766 1964 da
781 1905 904 1966 Macer.
920 1910 950 1965 et
965 1899 1069 1963 bonon
1096 1903 1210 1965 Dicitur
1230 1905 1320 1966 etiam

253 1983 424 2076 universitas
432 1993 517 2080 'actor
531 1984 564 2046 tn
580 1987 616 2048 L.
638 1988 677 2048 71
694 1984 736 2080 ᾖ..
750 1983 785 2046 do
800 1988 976 2060 Procurat,
991 1993 1021 2044 et
1040 1985 1077 2080 ia
1091 1986 1127 2045 L.
1150 1988 1168 2047 6
1207 2031 1214 2046 .
1234 1987 1321 2064 Quod

250 2083 368 2210 aas:
383 2085 526 2230 tttttt
536 2069 709 2232 statu
723 2065 965 2225 1111111,
973 2066 1320 2228 tutatuta&

249 2231 402 2310 inscriptio
415 2241 459 2292 est
484 2253 541 2310 περι
563 2258 621 2296 aaa
638 2238 754 2308 catinos,
771 2240 801 2293 et
819 2233 954 2294 defensor
969 2231 999 2291 in
1019 2233 1055 2292 L.
1083 2232 1121 2293 ts
1135 2231 1161 2314 3
1178 2235 1216 2295 13
1234 2232 1269 2316 ff.
1284 2233 1321 2295 de

247 2313 401 2376 Monet-ib.
418 2323 447 2376 et
467 2311 583 2388 bonon,
599 2323 629 2375 et
645 2321 816 2394 procurator
829 2313 1042 2386 univcrsitatis,
1058 2315 1205 2392 precipue
1222 2318 1247 2374 si
1260 2335 1325 2376 roo·

247 2398 371 2456 nasterii
392 2403 472 2456 actor
494 2396 532 2458 sit
546 2394 650 2458 Nouoi.
669 2397 728 2458 tas
746 2415 813 2479 cop.
833 2399 884 2457 27.
907 2395 1091 2475 Apocrisiarii
1108 2397 1196 2458 etiam
1219 2399 1321 2476 appel-

246 2477 351 2538 lantur
366 2479 522 2558 syndicus,
545 2479 596 2558 qui
618 2479 813 2540 universitatis
833 2497 948 2540 causam
970 2477 1030 2557 agit
1054 2477 1190 2539 mandato
1211 2479 1317 2557 ipsius,

248 2567 339 2638 atque
354 2561 379 2621 is
398 2560 548 2622 interdum
562 2561 600 2621 ab
614 2569 710 2622 acwre
725 2559 930 2641 distinguitur,
945 2559 1024 2640 quod
1041 2558 1090 2620 bic
1106 2570 1193 2622 oona
1205 2580 1317 2634 musae,

247 2641 302 2702 ilie
334 2650 432 2704 auum
458 2643 602 2704 universis
624 2642 749 2724 negotiis
772 2643 931 2704 tractandis
952 2643 1125 2722 praepositus
1150 2652 1204 2706 est.
1233 2643 1321 2723 Apud

249 2726 366 2788 Grecos
394 2724 507 2804 syndici
527 2724 715 2802 dicebantur,
742 2726 793 2802 qui
818 2724 855 2786 ad
883 2725 961 2806 leges
985 2723 1148 2785 medendos
1170 2746 1187 2786 a
1211 2725 1320 2804 populo

247 2805 337 2868 electi
353 2815 450 2876 aaut.
474 2816 506 2868 ut
527 2808 660 2871 observat
674 2807 792 2869 Carolus
806 2807 942 2889 Sigonius
955 2804 991 2868 de
1008 2802 1131 2887 Republ.
1147 2804 1317 2870 Atheniens.

248 2887 302 2951 bb.
316 2892 370 2951 1ο.
384 2889 475 2972 (isera
486 2889 518 2951 io
526 2890 624 2973 prior.
636 2891 838 2952 Conferctiam
849 2890 889 2951 du
900 2893 996 2969 cange
1005 2884 1100 2950 Glooa.
1112 2907 1142 2949 υ.
1156 2888 1317 2974 syndicus.

293 2970 335 3049 (2)
359 2976 431 3054 Cup.
448 2970 517 3033 ido
532 2975 690 3033 Procurot.

294 3052 335 3133 (3)
358 3058 431 3136 Cap.
446 3057 463 3114 7
477 3052 541 3116 eod.
557 3053 599 3137 (1)
612 3055 650 3115 L.
667 3057 680 3114 1
698 3052 725 3135 3.
744 3059 759 3118 1
774 3052 809 3139 ff
825 3052 860 3116 de
875 3052 984 3115 [ὥστε.
997 3052 1154 3114 unium.

294 3138 336 3216 (t)
355 3138 428 3219 Arg.
441 3136 491 3199 cit.
508 3138 545 3197 L.
564 3134 665 3219 131,
681 3144 709 3198 et
724 3138 761 3199 L.
780 3142 792 3199 1
809 3135 836 3219 3.
854 3132 959 3218 adtff.
975 3133 1011 3195 de
1024 3133 1150 3217 acquir.
1164 3130 1318 3197 oelomitt.

295 3238 435 3381 [dissicet.
449 3298 484 3363 de
494 3300 538 3363 Iis
548 3319 605 3384 per
615 3318 689 3385 quos
703 3318 789 3383 ogere
798 3316 960 3383 possumis
974 3298 1007 3361 io
1016 3299 1115 3383 princ.

303 3480 334 3583 3.
362 3482 437 3554 vll.
464 3482 549 3571 Quae
587 3481 628 3555 de
653 3482 915 3581 procuratoribus
949 3482 1035 3555 dicta
1065 3497 1161 3573 sunt,
1195 3508 1233 3555 ea
1260 3510 1321 3581 ge-

250 3582 393 3653 neratim
425 3580 466 3652 ad
490 3581 639 3685 syndioos
658 3607 789 3681 quoque
813 3583 998 3679 pertinent,
1028 3607 1141 3653 rerum
1170 3583 1206 3651 in
1232 3607 1322 3654 non-

251 3674 354 3751 nullis
383 3680 469 3751 inter
505 3706 538 3753 se
578 3676 747 3753 differunt.
782 3678 866 3751 Nam
900 3678 1052 3779 syndicus
1088 3678 1129 3748 ab
1160 3680 1322 3752 universi-

248 3793 342 3867 tate,
375 3796 433 3849 aut
465 3778 599 3877 collegio
642 3804 701 3877 per
742 3777 892 3873 suffragia
929 3780 1061 3876 majoris
1089 3780 1191 3874 partis
1224 3778 1322 3876 eligi-

252 3892 310 3947 tur
332 3874 408 3973 (i),
435 3894 624 3973 procurator
652 3876 694 3947 ab
724 3902 811 3967 uno,
842 3877 1003 3966 alterove,
1035 3876 1127 3973 cujus
1153 3879 1321 3969 negotium

251 3972 436 4071 gerendum
469 3992 537 4067 est,
570 3975 638 4048 sola
676 3976 898 4048 nominatione
925 3976 1133 4047 constituitur
1166 3973 1240 4068 (ἓ),
1267 3974 1323 4045 ille

251 4077 433 4146 necessario
467 4073 633 4172 eligendus
655 4088 705 4145 est
737 4072 809 4171 (ὅ),
843 4077 941 4145 etiam
970 4072 1136 4143 criminale
1159 4071 1322 4170 judicium

253 4190 383 4245 exercet
412 4196 473 4269 pro
503 4174 729 4263 universitate,
759 4172 786 4241 ai
836 4171 913 4244 'uod
944 4172 974 4241 ei
1006 4172 1131 4242 cumen
1163 4170 1322 4265 impingi-

252 4286 311 4341 tur
334 4271 407 4369 (1),
446 4294 534 4343 suam
570 4267 785 4371 jurejurando
819 4197 923 4342 iidem
962 4267 1133 4363 obstringit
1171 4266 1238 4435 (Ξ),
1289 4284 1323 4339 et

353 4395 432 4444 ⁴10¹·
460 4393 496 4441 11.
