3575 5625
674 642 894 713 ...225-

241 810 320 879 tur3
362 791 511 886 sequitur
546 804 585 859 ut
616 788 737 886 duplex
770 792 867 860 etiam
901 793 943 861 sit
978 816 1080 886 genus
1121 816 1317 888 poenarum,

240 914 317 987 quac
342 888 384 958 ab
419 890 487 984 ipsa
515 890 711 983 irrogantur.
743 887 824 959 Alie
855 886 976 959 scilicet
1005 890 1184 985 spirituales
1217 913 1317 985 sunt,

240 1014 316 1084 quae
345 988 495 1056 animum
526 984 679 1080 affligunt
711 1001 745 1055 et
776 986 846 1057 aliae
883 986 1099 1083 temporales,
1133 1016 1210 1087 quae
1241 1018 1319 1065 cor.

239 1111 303 1181 pus
345 1087 514 1179 castigant.
551 1082 743 1179 Spirituales
783 1108 897 1178 poenas
934 1083 1104 1179 infligendi
1134 1089 1183 1158 ’us
1210 1106 1259 1161 est
1283 1094 1318 1165 iu

240 1206 376 1271 omnes,
409 1184 466 1279 qui
493 1206 553 1277 per
589 1180 786 1279 baptismum
821 1185 908 1252 inter
935 1182 1076 1254 emlaiae
1104 1114 1189 1255 filios
1217 1213 1276 1259 coo
1300 1230 1321 1245 -

242 1284 302 1351 tati
335 1296 434 1369 sunt,
470 1282 594 1377 quique
633 1282 668 1349 in
712 1278 903 1374 religionem
940 1296 1097 1377 peccant3
1128 1216 1322 1380 temporales

240 1402 376 1475 quoque
410 1402 526 1474 poenas
562 1379 597 1446 in
643 1401 756 1449 omnes
794 1378 964 1448 constituit
994 1377 1147 1470 ecclesia,
1189 1382 1245 1453 sed
1287 1386 1323 1453 in

241 1476 341 1547 laicos
372 1492 404 1546 et
428 1474 560 1546 clericos
588 1477 713 1547 ratione
742 1474 874 1572 dispari.

290 1672 321 1773 ς.
356 1671 417 1742 ΙΧ.
461 1670 569 1753 Laici,
608 1674 665 1769 qui
711 1688 879 1771 tamquam
921 1672 1108 1764 christiani,
1158 1676 1321 1767 ecclesiae,

242 1788 411 1867 tamquam
453 1770 554 1841 civilis
592 1770 781 1866 reipublicae
816 1773 919 1861 cives,
954 1770 1051 1869 hujus
1086 1775 1225 1870 imperio
1260 1804 1324 1873 pa-

242 1894 314 1939 rere
347 1868 490 1957 debent,
535 1866 676 1967 ecclesiae
714 1870 901 1940 coercitioni
939 1868 1077 1941 subsunt
1109 1874 1145 1941 in
1186 1876 1223 1943 iis
1258 1877 1325 1943 cri-

243 1967 405 2055 minibus,
440 1990 581 2062 quorum
610 1966 774 2063 judicium
812 1966 852 2036 ad
885 1965 1050 2038 ecclesiam
1087 1970 1253 2067 pertinet,
1289 1975 1323 2043 in

242 2067 357 2135 ceteris
397 2090 414 2134 a
457 2062 603 2134 civilibus
657 2090 708 2135 ma
733 2064 896 2135 'stratibus
930 2064 1102 2161 judicandi
1149 2084 1237 2138 sunt.
1283 2070 1323 2141 In

241 2163 303 2232 bos
364 2187 473 2257 noque
519 2164 624 2231 utitur
665 2090 797 2233 eeclesia
837 2167 943 2258 poenis
988 2164 1241 2262 temporalibus,
1287 2184 1325 2239 ut

242 2286 316 2330 eam
339 2188 488 2349 lrabeat,
532 2282 630 2356 quarn
668 2257 790 2331 babere
827 2286 909 2357 opus
946 2276 1016 2350 est,
1056 2267 1214 2334 rationem
1256 2268 1324 2335 cri-

241 2361 371 2427 minum
411 2373 446 2428 et
479 2380 553 2428 reus
593 2361 777 2455 resipiscat,
818 2382 926 2453 neque
967 2384 1080 2431 omnes
1125 2360 1345 2432 indiscrimi-‘

241 2458 348 2525 natim
393 2454 606 2553 subjiciantur
644 2459 750 2553 poenis
794 2454 1037 2551 spiritualibus,
1083 2484 1159 2555 quae
1201 2464 1324 2554 gravis-

240 2555 336 2623 simae
368 2569 455 2623 sunt.
496 2550 697 2625 Clericorcm
733 2556 868 2624 crimina
901 2556 1014 2625 omnia
1048 2572 1176 2627 coercet
1220 2558 1326 2628 ecele-

239 2654 308 2738 sia,
350 2652 414 2721 sire
448 2648 674 2741 ecclesiastica,
709 2652 775 2722 sire
810 2650 914 2721 civilia
951 2669 1041 2721 sunt.
1078 2652 1155 2725 llaec
1190 2654 1324 2751 quidem

239 2764 381 2845 propter
425 2774 496 2819 rem
537 2750 639 2844 ipsam
670 2772 739 2820 non
772 2748 939 2820 subessent
974 2754 1119 2824 ecclesiae
1150 2755 1323 2848 potestati,

237 2845 300 2916 sed
329 2851 359 2916 ei
386 2861 497 2917 tamen
529 2845 673 2945 subjecta
712 2847 800 2918 fiunt
832 2863 969 2943 propter
994 2850 1051 2946 jus
1084 2850 1119 2919 in
1151 2873 1323 2945 personas,

238 2969 386 3040 quarum
420 2945 555 3016 crimina
592 2943 769 3016 coercenda
801 2960 878 3014 sunt
916 2971 934 3013 a
973 2945 1162 3041 republica,
1201 2951 1236 3016 in
1261 2973 1325 3042 qua

239 3058 415 3113 versantur
442 3059 476 3112 et
504 3046 556 3112 cui
582 3042 812 3140 subjiciuntur.

293 3229 324 3326 ᾗ.
354 3229 404 3300 Χ.
448 3230 491 3299 rlt
537 3231 643 3302 clerici
687 3229 788 3301 civilis
836 3252 969 3325 quoque
1009 3226 1198 3323 reipublicae
1243 3231 1326 3299 cives

238 3326 388 3397 habendi
418 3345 516 3417 sunt,
553 3354 660 3426 neque
692 3353 747 3398 eos
780 3323 913 3397 ecclesia
949 3328 992 3395 ita
1027 3328 1062 3394 in
1089 3325 1324 3422 rempublicam

237 3451 335 3494 suam
380 3427 565 3523 cooptavit,
611 3431 669 3494 ut'
691 3428 751 3520 ipsi
796 3427 932 3519 impune
986 3439 1237 3495 contemnerent
1288 3451 1325 3496 ae

236 3538 471 3688 perverterent
513 3523 589 3620 jura
632 3525 779 3595 civitatis.
826 3517 915 3615 Ergo
962 3521 1093 3593 ecelesia
1135 3539 1246 3611 corat,
1288 3540 1324 3594 ut

263 3643 316 3690 aec
351 3622 426 3716 jura
467 3637 551 3690 sarta
591 3635 677 3690 tecta
715 3633 884 3690 serventur
922 3646 1105 3787 poenasque
1146 3625 1265 3718 repetit
1307 3649 1325 3690 a

236 3716 383 3804 clerico,
414 3721 536 3812 quiea
560 3717 678 3790 violare
705 3743 800 3788 ausus
831 3732 891 3788 est.
942 3744 964 3786 n
991 3716 1111 3813 quibus
1141 3745 1218 3790 sane
1250 3745 1326 3816 poe-

237 3816 298 3884 nis
327 3839 416 3883 suam
455 3840 607 3912 quoque,
635 3841 710 3885 cum
743 3831 792 3887 est
820 3839 922 3909 opus,
957 3831 1085 3910 partem
1122 3832 1156 3886 et
1179 3832 1326 3913 potesta-

235 3927 315 3982 tem
353 3911 439 3981 cirili
468 3911 655 4009 reipublicae
689 3913 858 4010 relinquit.
894 3909 1023 3984 Scilicet
1059 3912 1215 4009 quamdiu
1257 3916 1324 4008 ipsa

236 4007 350 4078 habet
387 4035 499 4105 peenas
542 4009 661 4082 delicto
707 4035 819 4108 pares,
854 4010 982 4081 easdem
1017 4013 1086 4106 ipsa
1117 4011 1257 4104 imponit
1285 4033 1324 4079 eo

228 4110 339 4204 jure,
380 4107 468 4201 quod
511 4111 617 4179 omnis
651 4108 831 4205 respublica
863 4106 965 4178 habet
1000 4109 1035 4176 in
1075 4109 1157 4176 cives
1189 4128 1262 4174 suos
1292 4121 1325 4175 et

233 4205 400 4275 clericum
424 4207 636 4277 criminosum
663 4206 777 4302 plectit
808 4206 902 4277 exilio
927 4205 1004 4301 (l),
1033 4199 1221 4369 verberibpp
1245 4199 1322 4299 (2),

344 4324 421 4369 rou.
450 4327 485 4372 u.
