3575 5625
498 1171 516 1195 ..
544 1063 875 1202 uauuuuo
911 1069 1041 1159 aaa.

666 1315 703 1380 lle
727 1315 933 1384 Procuratoritu.

729 1551 869 1566 *a

261 1691 756 1768 1.Quispruonrator?·l³luresprooura·
834 1698 862 1749 V.
886 1697 1014 1774 Quomodo
1038 1697 1145 1750 officium
1169 1698 1333 1764 procuratoris

264 1823 299 1874 tl.
311 1769 549 1903 Tillurllnlsplclillm
566 1826 647 1893 pluras
669 1841 756 1894 procu·
833 1829 872 1879 vi.
890 1764 1193 1895 syllll'rlllmiuum
1214 1843 1330 1898 procurra-

331 1900 615 1944 ratoresoonstrtnuntur.
931 1905 1072 1946 tumeant.

264 1955 309 2004 tlt.
322 1955 367 2018 Qui
379 1967 545 2028 proeuratores
556 1973 608 2010 esse
618 1957 726 2025 possint?
831 1959 883 2012 vn.
907 1959 935 2011 ln
957 1961 1048 2028 quibua
1066 1977 1078 2011 s
1111 1959 1160 2010 diei
1181 1958 1299 2010 differant
1316 1975 1330 2009 a

262 2021 305 2072 W.
318 2021 344 2072 ln
355 2023 446 2092 quibus
456 2023 534 2075 muris
544 2023 722 2078 adhibeantur?
929 2027 1079 2095 promntor'
1099 2026 1298 2095 uapriratornmt

715 2190 786 2290 15.
817 2193 841 2262 ι.

309 2379 436 2452 Juoren
472 2397 528 2452 aut
568 2405 628 2478 per
658 2383 890 2479 nosmetipsos,
929 2399 987 2454 aut
1018 2408 1078 2480 per
1103 2399 1329 2480 procuratores

258 2504 460 2550 exercemus.
493 2480 705 2568 Procurator,
740 2506 839 2578 quem
876 2483 989 2553 aliani
1012 2486 1116 2578 juria
1154 2486 1330 2553 maurium

259 2577 426 2672 eleganter
452 2577 564 2650 Cicero
602 2576 743 2674 appellat
782 2577 856 2676 (l),
898 2579 940 2650 ab
973 2578 1113 2676 Ulpiano
1148 2577 1330 2666 delinitur,

258 2677 319 2847 gni
363 2673 466 2746 aliena
500 2677 626 2768 negotia
669 2674 822 2748 mandato
857 2675 984 2750 domini
1020 2675 1224 2747 administrat
1260 2676 1327 2773 (ἢ).

289 2775 479 2846 onstituitur
506 2773 557 2847 rel
586 2787 624 2845 ut
656 2790 781 2846 uertunt
818 2777 987 2872 negotium
1012 2800 1050 2847 er
1119 2777 1180 2865 ‘at,
1212 2771 1262 2845 vel
1293 2787 1331 2845 ut

257 2874 371 2947 omnia
393 2889 482 2967 gerat
514 2889 547 2945 et
578 2888 692 2960 curet,
732 2872 785 2945 hio
816 2874 996 2969 generalis,
1028 2873 1083 2943 ile
1116 2889 1225 2943 autem
1260 2897 1331 2969 spe-

257 2971 349 3043 cialis
377 2970 570 3068 appellatur.
602 2970 726 3041 Rursus
766 2987 957 3068 procurator
990 2970 1153 3070 judicialis
1194 2986 1261 3059 est,
1304 2973 1332 3039 si

257 3069 398 3140 alienam
439 3068 531 3141 litem
568 3066 694 3167 judicio
761 3072 963 3169 ersequitur3
1005 3064 1272 3165 extrujudicialis,
1304 3068 1331 3135 si

257 3168 364 3239 aliena
405 3169 533 3262 negotia
566 3182 656 3237 extra
687 3094 849 3265 julleium
874 3166 1018 3241 conficit.
1053 3164 1219 3238 Generalis
1247 3188 1330 3262 pro·

257 3282 390 3339 curator
429 3280 500 3336 tum
529 3262 756 3363 judicialibus,
789 3283 862 3337 tum
904 3263 1197 3380 extrajudioiulibus
1234 3261 1331 3335 rebus

256 3364 454 3463 praepositus
492 3364 703 3459 intelligitur,
740 3390 807 3437 non
842 3380 953 3437 tumen
988 3367 1047 3455 ris,
1083 3388 1158 3463 quae
1192 3360 1329 3460 speciale

255 3460 451 3533 mandatum
478 3465 649 3561 requirunt
677 3460 744 3557 (5).
773 3464 873 3536 Datus
895 3479 1005 3535 autem
1035 3489 1112 3535 oum
1142 3460 1241 3533 libera
1272 3458 1328 3530 ad-

255 3561 496 3633 ministratione
526 3564 635 3632 omnia
675 3560 742 3632 fere
775 3578 903 3661 potest,
943 3586 1018 3661 quat
1055 3564 1123 3660 ipse
1152 3559 1325 3648 dominus,

254 3676 293 3731 et
319 3657 393 3730 ideo
419 3684 618 3758 quamquam
643 3658 764 3731 donare
786 3676 926 3758 nequeat
950 3660 1025 3761 (4),
1048 3676 1159 3730 tamen
1183 3684 1235 3729 res
1262 3654 1327 3727 do·

255 3760 341 3829 mini
373 3754 513 3831 alienare
542 3773 667 3855 potest,
709 3782 776 3829 non
809 3758 926 3837 ,solum
957 3785 1034 3830 oum
1064 3756 1099 3828 id
1138 3756 1326 3841 necessitas,

255 3854 316 3927 sed
350 3857 447 3927 etiam
485 3882 558 3929 eum
587 3854 707 3927 utilitas
743 3856 925 3929 mandantis
959 3856 1102 3955 postulat
1141 3854 1207 3953 (5).
1247 3851 1326 3923 Sine

256 3952 319 4027 hac
356 3952 456 4025 libera
495 3954 781 4027 administrationis
815 3971 973 4054 potestate
1010 3953 1166 4053 generalis
1202 3973 1326 4050 procu-

254 4069 347 4125 rator
381 4067 470 4125 reete
505 4052 653 4124 distrahit
692 4067 821 4126 tantum
861 4054 985 4127 fructus
1022 4070 1056 4127 et
1085 4068 1211 4140 cetera,
1252 4069 1327 4143 quae

253 4149 352 4223 facile
376 4166 633 4248 corrumpuntur
661 4150 731 4249 (6).
