3575 5625
895 693 946 710 ...
970 651 1018 724 46
1043 693 1092 710 ..

459 799 747 967 conjungendum,
775 813 831 870 aut
855 797 1037 870 dividendis
1064 794 1229 869 beneficiis
1248 793 1432 894 disputetur
1451 792 1523 890 (1)

459 899 504 969 Ea
529 925 581 969 em
607 913 655 968 est
684 899 765 969 ratio
804 922 975 969 causarum
1012 899 1097 996 juris
1144 909 1356 992 patronatus,
1403 917 1528 989 qnippe

459 1022 533 1094 quae
556 992 777 1093 spiritualibus
805 994 938 1068 adnexae
972 1010 1049 1065 sunt
1082 993 1152 1092 (2).
1183 990 1249 1065 Sed
1278 993 1314 1061 in
1345 989 1423 1062 locis
1451 993 1531 1086 qui-

459 1093 614 1184 busdam,
647 1096 711 1174 sive
741 1119 889 1192 expresso
927 1093 1093 1192 privilegio
1126 1089 1322 1190 apostolico,
1356 1091 1421 1160 sire
1450 1087 1531 1160 diu-

459 1209 555 1264 turna
578 1190 812 1266 consuetudine
840 1193 881 1264 ab
912 1189 1043 1268 eeclesia
1075 1189 1230 1278 tolerata,
1261 1186 1434 1259 inductum
1456 1201 1529 1276 est,

408 1353 415 1369 ,
459 1305 497 1361 ut
530 1315 605 1362 oum
641 1289 683 1360 de
718 1289 768 1362 his
801 1292 899 1362 rebus
937 1291 1128 1387 possffioorio
1166 1285 1291 1387 judicio
1341 1285 1527 1382 quaeritur,

459 1386 539 1460 laioo
566 1387 689 1486 judici,
725 1413 802 1460 eum
830 1390 1021 1485 petitorium
1047 1388 1167 1482 agitur,
1196 1383 1407 1457 eeclesiastico
1433 1407 1531 1455 oom-

460 1489 632 1557 mittantur
664 1485 733 1583 (ὅ).

500 1655 541 1754 (1)Ι
562 1657 702 1752 Aiexond.
723 1661 763 1720 111
781 1657 815 1720 io
833 1677 899 1741 cop.
914 1659 950 1720 nt
968 1655 1004 1720 de
1011 1656 1084 1762 jure
1096 1665 1192 1740 patr,
1210 1662 1240 1717 et
1257 1653 1291 1716 io
1303 1672 1350 1737 ep.
1372 1649 1414 1715 ud
1437 1653 1524 1735 epioe.

459 1737 565 1803 (tatto
578 1759 612 1802 m
624 1760 696 1824 app.
712 1759 793 1802 cono.
807 1741 912 1836 putu.
927 1759 995 1823 cop.
1012 1741 1051 1802 o3
1067 1748 1090 1802 t.
1107 1742 1146 1802 15
1159 1735 1213 1801 oot.
1230 1738 1291 1799 626
1305 1733 1374 1798 coli.
1395 1735 1486 1798 nobb.

511 1821 541 1984 {i
561 1821 856 1968 giisuiedioiiiisiin
874 1905 946 1964 Jur.
963 1901 1032 1966 ecel.
1052 1899 1103 1966 iio.
1128 1905 1143 1965 1
1161 1920 1226 1984 top.
1243 1903 1282 1964 59
1306 1919 1394 1962 oum.
1425 1900 1477 1962 tot
1501 1906 1531 1960 et

460 2003 535 2068 seq-3
555 1985 780 2047 Thomossinum
792 1994 849 2047 oet.
864 1991 893 2044 et
906 2000 974 2046 noo.
991 1981 1059 2046 ecel.
1080 1982 1154 2046 dieo.
1172 2003 1242 2065 pur.
1264 1979 1352 2045 Ἠῶ.
1373 1985 1387 2043 1
1404 1999 1473 2066 cup.
1488 1983 1528 2045 56

459 2086 544 2127 oum.
559 2068 608 2143 15,
622 2075 651 2127 et
663 2071 734 2128 Bon.
749 2070 818 2130 XIV
831 2065 866 2128 de
879 2064 987 2150 synod.
1002 2065 1088 2128 dioec.
1104 2063 1155 2127 lib.
1171 2067 1190 2126 9
1204 2084 1270 2149 oop.
1284 2067 1399 2126 tinum.
1414 2067 1445 2144 7,

529 2275 537 2291 .
566 2219 623 2291 VI.
652 2219 777 2294 Eodem
807 2221 877 2294 loco
901 2237 979 2293 sunt
1001 2247 1104 2294 oausae
1132 2220 1352 2308 decimarum
1379 2221 1528 2316 quinimo

525 2321 657 2390 esiastioi
697 2318 817 2419 judicis
861 2336 910 2390 est
952 2319 1049 2394 laicos
1092 2320 1134 2390 od
1176 2345 1289 2391 eornm
1331 2318 1526 2390 solutionem

389 2429 392 2436 '
459 2441 575 2513 eogere
598 2417 670 2513 (t);
694 2418 751 2490 sed
777 2418 830 2490 hae
858 2443 991 2516 quoqne
1017 2443 1140 2509 onusae,
1163 2443 1240 2489 oum
1261 2417 1304 2488 de
1330 2417 1528 2512 possessione

459 2519 672 2587 controversie
715 2533 783 2605 est,
820 2515 937 2588 alieubi
976 2515 1028 2586 rel
1063 2516 1250 2614 privilegio,
1290 2513 1342 2585 vel
1389 2537 1529 2587 eonsue-

461 2613 576 2684 tudine
597 2638 616 2683 e
639 2612 719 2686 laico
746 2612 858 2713 judice
883 2613 1126 2712 expenduntur.
1160 2614 1224 2684 Pur
1256 2629 1305 2684 eet
1336 2614 1418 2684 ratio
1447 2639 1528 2683 onu-

459 2735 566 2780 norum
595 2710 852 2803 funerariurum,
883 2715 921 2783 in
954 2711 1072 2811 quibus
1106 2715 1215 2810 agitur
1251 2710 1293 2782 de
1321 2709 1529 2784 coneedendo

459 2807 671 2909 negandoque
702 2809 910 2885 ecclesiastiea
953 2811 1139 2909 sepultura,
1172 2810 1214 2883 de
1244 2810 1315 2883 e‘us
1355 2809 1525 2899 electione,

461 2905 502 2979 de
548 2906 739 2981 stabiliendo
785 2926 935 3008 tempore
979 2910 1222 2982 offerendorum
1258 2837 1529 2980 immundorum-

459 3032 525 3101 que
548 3005 759 3101 cadaverum,
792 3007 834 3081 de
866 3035 926 3079 neu
954 3012 1057 3081 eruois
1085 3007 1293 3107 paroehialis,
1327 3006 1369 3078 de
1404 3005 1527 3077 tollen·

459 3103 509 3174 dis
541 3103 711 3197 abusibus,
750 3111 807 3205 qni
839 3108 923 3181 forte
954 3110 1174 3204 irrepserunt,
1202 3104 1245 3178 de
1273 3104 1403 3204 juribus
1429 3103 1529 3175 fune-

459 3204 548 3274 rariis
578 3206 663 3274 inter
699 3205 843 3277 ecelesias
875 3220 909 3276 et
944 3204 1075 3277 elericos
1107 3203 1288 3277 dividendis
1331 3202 1398 3299 (ἢ).
1436 3199 1528 3287 Quin

460 3302 557 3371 etiam
589 3301 660 3373 laici
693 3305 829 3401 imperio
864 3306 971 3399 episco
995 3302 1053 3375 alis
1086 3303 1150 3377 fori
1176 3317 1338 3398 eoguntur
1367 3299 1408 3372 ad
1438 3324 1528 3397 pre-

460 3397 589 3468 stendns
625 3398 822 3493 oblationes,
856 3426 931 3499 quae
964 3328 1035 3472 ‹in-i
1067 3400 1191 3492 solent,
1227 3402 1289 3472 nisi
1325 3424 1372 3471 eae
1410 3412 1528 3496 sponte

461 3492 639 3567 offerantur
672 3496 738 3593 (5).

499 3658 540 3741 (1)
564 3662 636 3742 Cap.
660 3659 728 3722 tte
750 3659 864 3723 noim.
880 3664 968 3725 Cone.
991 3663 1075 3725 Trid.
1098 3680 1170 3725 teto.
1190 3665 1231 3727 nt
1254 3671 1326 3725 tom.
1352 3663 1390 3725 12
1412 3659 1449 3724 ‹te
1467 3658 1525 3742 rofi

502 3739 543 3822 (⁶2)
558 3745 654 3804 «Vetus
676 3752 720 3805 est
738 3742 852 3826 regule,
876 3752 910 3804 ut
929 3746 1048 3808 ecelesia
1065 3746 1235 3808 moderetur
1254 3753 1285 3807 ot
1302 3752 1384 3825 regat
1401 3760 1469 3823 quae
1481 3742 1528 3804 ,ad

460 3820 593 3885 fidelium
606 3826 784 3903 sepulturum
798 3825 962 3905 pertinent,
978 3828 1100 3908 ejusque
1117 3828 1231 3909 legibus
1245 3827 1415 3908 designetur
1429 3826 1526 3901 loono,

461 3904 492 3965 in
516 3924 575 3984 quo
598 3906 716 3968 illorum
741 3908 879 3969 cadavera
913 3910 1079 3989 sepeliendo
1114 3920 1193 3971 sunt.
1230 3909 1337 3973 Confer
1371 3907 1527 3969 eoncilium

461 3990 636 4049 Brnonrense
653 3992 683 4066 l,
709 3989 788 4069 qnod
806 3989 870 4051 aliis
888 4000 933 4051 est
948 3995 991 4069 tt,
1012 4011 1081 4055 ean.
1103 3994 1143 4053 18
1167 4002 1237 4054 tom.
1264 3988 1358 4053 ficol.
1380 3992 1439 4052 522
1458 3986 1526 4053 eott.

461 4070 551 4131 Lehb.
571 4070 739 4132 Arelatense
759 4072 800 4134 Vl
821 4090 889 4134 ooo.
914 4075 950 4135 tt
972 4082 1042 4136 toou
1071 4076 1090 4135 9
1109 4070 1165 4135 ool.
1187 4075 1265 4149 521,-
1279 4073 1484 4155 Mogontinum
1509 4074 1523 4133 1

462 4151 495 4211 in
509 4170 577 4213 ouo.
604 4155 641 4215 18
655 4172 737 4215 cauo.
756 4156 793 4215 15
809 4173 860 4239 qu.
884 4156 918 4232 2,
935 4166 965 4217 et
982 4157 1187 4239 moguntinum
1202 4158 1227 4217 11
1247 4156 1281 4218 io
1294 4174 1363 4217 con.
1385 4156 1420 4217 51
1444 4162 1475 4217 et
1489 4157 1529 4217 to

461 4252 545 4297 coto.
561 4236 599 4297 15
621 4254 672 4320 qo.
689 4238 724 4315 2,-
741 4238 953 4319 Agrippinense
966 4258 1018 4301 seu
1033 4238 1204 4303 coloniense
1221 4237 1254 4298 io
1266 4256 1334 4299 coo.
1352 4238 1398 4299 28
1413 4233 1486 4301 dist.
1506 4240 1524 4303 1
