3575 5625
684 689 905 761 -net-

243 836 297 897 vel
312 844 426 899 eertum
439 835 693 901 illnddamoatum
708 840 850 917 seriptum
870 838 1042 899 exaraverit.
1061 842 1157 920 Atque
1175 841 1239 905 lateo
1262 836 1330 922 qui·

244 916 322 979 dena
341 920 409 981 iaeti
430 918 552 998 questio
569 918 679 979 dieitur
693 917 730 980 de
744 917 824 1000 [octo
839 938 918 981 mere
934 918 1096 1003 pereundi.
1122 925 1221 998 Queri
1237 926 1326 985 etiarn

245 1009 362 1080 potest,
378 1020 450 1062 num
465 1018 566 1063 sensus
579 1002 802 1079 propositionis,
818 1001 864 1061 vel
878 1002 963 1077 libri,
978 1020 1067 1080 quam
1081 1013 1160 1065 oerto
1174 1006 1326 1069 moraliter

244 1083 411 1161 prolatam,
430 1092 481 1143 aut
500 1100 588 1160 quem
609 1083 751 1161 seriptum
772 1082 927 1161 abaliquo
951 1091 1079 1158 oooetat,
1098 1102 1148 1145 ex.
1172 1105 1201 1165 g.
1222 1090 1328 1149 Nesto·

246 1165 314 1242 rio,
329 1165 481 1241 lansenio,
504 1182 652 1241 quamquo
667 1170 718 1225 ant
732 1182 821 1243 quem
838 1164 958 1225 eeclesia
972 1172 1122 1243 tamquam
1142 1165 1329 1245 haereticam,

248 1246 462 1307 horetienmre
479 1244 644 1323 damnavit,
667 1244 822 1305 hereticus
840 1264 943 1307 revera
961 1246 1018 1321 eit,
1037 1255 1125 1325 prout
1148 1246 1186 1308 ab
1201 1248 1236 1309 iie
1260 1268 1330 1309 euo-

247 1326 367 1387 toribus
392 1326 569 1405 explicatur,
596 1333 630 1387 ut
654 1326 685 1387 in
722 1344 824 1387 eorum
846 1327 932 1387 libris
956 1328 1140 1404 sentinetur,
1164 1328 1328 1392 seeundum

247 1426 439 1469 eommunem
464 1407 688 1487 intelligentiam
712 1416 742 1467 et
764 1408 924 1469 verborum
948 1408 1203 1488 significationem.
1233 1412 1329 1489 Atque

246 1489 399 1551 nectam
413 1490 534 1567 quaestio
548 1487 705 1549 dieiturde
719 1486 800 1570 fonto
811 1488 989 1573 doqanotieo.
1006 1494 1050 1551 De
1065 1491 1142 1550 laeto
1158 1508 1239 1553 mere
1255 1510 1329 1573 per·

246 1567 357 1632 sonuli
375 1572 494 1631 minime
514 1570 635 1631 sollicita
649 1578 692 1633 est
709 1570 843 1645 eeclesia,
859 1590 926 1649 qum
938 1589 1025 1631 suurn
1050 1573 1081 1631 in
1099 1590 1134 1631 eo
1148 1572 1269 1653 negotio
1278 1572 1330 1652 jn·

247 1651 363 1713 dicium
378 1652 499 1711 minime
509 1650 681 1729 interponit.
698 1654 799 1730 ltaque
812 1653 837 1712 si
850 1654 917 1731 quis
930 1671 977 1713 ex.
991 1671 1038 1731 gr.
1054 1652 1166 1712 diceret
1177 1663 1328 1717 auctorem

247 1732 322 1793 libri
343 1732 542 1815 limentinus,
565 1733 617 1811 qui
639 1733 768 1794 lanseuii
795 1734 915 1795 nomine
938 1734 1161 1809 oiroumiertur,
1187 1753 1247 1795 non
1265 1754 1329 1800 esse

247 1832 354 1874 revera
382 1816 550 1877 Cornelium
574 1814 745 1877 lanssnium
770 1816 920 1893 lprensom
943 1815 1128 1895 episcopum,
1155 1815 1180 1875 is
1206 1817 1329 1893 quidem

248 1903 395 1975 pugnaret
414 1904 516 1957 eontra
533 1896 665 1957 omniurn
679 1893 769 1956 fidem
792 1914 825 1956 ae
849 1897 1067 1971 testimonium,
1093 1895 1146 1958 sed
1172 1903 1269 1958 tomen
1284 1917 1328 1959 eo·

249 1977 363 2053 etesiae,
376 1996 442 2055 qum
458 1996 491 2039 ea
506 1978 544 2037 de
561 1994 594 2037 re
608 1976 729 2037 minime
743 1976 871 2053 laborat,
891 1976 1017 2038 decretis
1031 1996 1091 2039 non
1109 1977 1325 2039 adversaretur.

249 2061 296 2119 De
309 2055 391 2140 foetu
408 2056 573 2140 deqmotim
586 2076 691 2139 magua
704 2057 742 2119 ab
763 2056 1004 2137 Appellaotibns,
1022 2059 1219 2136 honorianis,
1239 2064 1328 2137 Ques·

249 2138 385 2201 ndlianis
404 2139 601 2201 oontrorersia
619 2138 773 2201 excitatur.
793 2138 867 2201 llum
888 2140 940 2219 qui
957 2141 1087 2203 lensenii
1114 2142 1327 2218 propositiones

249 2220 383 2299 quinque
406 2222 529 2283 traditas
543 2222 574 2281 in
596 2220 673 2281 libro
696 2220 886 2302 lupentinus
908 2231 1055 2300 tamquam
1074 2220 1230 2282 catholicas
1245 2224 1327 2285 omni

248 2319 309 2381 ope
333 2311 363 2363 et
381 2319 470 2381 opera
495 2302 703 2375 defenderant,
719 2308 875 2381 nonquam
897 2320 940 2363 ese
964 2302 1193 2378 damnarentur,
1219 2304 1262 2363 nti
1280 2323 1327 2365 os·

249 2380 379 2443 tendunt
391 2388 437 2445 Du
453 2386 528 2460 llas,
545 2380 650 2445 histor.
671 2382 723 2445 dee
742 2384 760 2443 li
782 2382 927 2464 proposit.
948 2391 1019 2443 tom.
1044 2384 1078 2458 ἢ,
1094 2390 1124 2442 et
1139 2392 1241 2443 anetor
1256 2383 1326 2446 libri

248 2466 354 2525 llomee
367 2463 437 2524 editi
451 2484 502 2525 an.
527 2465 621 2541 ttttt,
641 2464 690 2525 eni
704 2464 808 2525 titulus
824 2467 920 2525 Breve
945 2462 1050 2527 istorio
1065 2460 1139 2525 nette
1157 2464 1330 2527 eoriezeom'

246 2541 301 2605 del
324 2542 543 2621 Gionseniamo,
566 2552 721 2625 postquam
737 2546 866 2607 lensenii
890 2546 1024 2606 doctrina
1038 2546 1170 2623 quinque
1188 2546 1245 2607 illis
1259 2565 1328 2625 pro·

228 2622 448 2705 'positionibus
462 2626 671 2707 eomprehense
687 2626 824 2687 damnata
838 2634 898 2701 est,
918 2629 1020 2688 stilum
1034 2634 1156 2705 repente
1173 2636 1327 2688 verterunt

246 2725 283 2767 ae
306 2724 413 2787 negare
434 2716 584 2787 oeperunt
602 2724 717 2768 errores
741 2707 806 2769 illos
827 2708 957 2770 lanseoii
981 2708 1058 2768 libro
1085 2709 1247 2785 eontineri,
1269 2708 1326 2769 hee

245 2788 376 2850 retinam
402 2808 465 2852 esse
485 2809 603 2852 sonsum
624 2790 872 2868 propositionum,
895 2790 939 2850 uti
960 2807 1002 2850 en
1025 2797 1095 2850 sunt
1114 2790 1146 2850 in
1171 2789 1223 2850 illo
1247 2789 1325 2851 libro

247 2869 417 2949 desoeipte,
441 2875 606 2934 Romanum
630 2869 818 2944 Pontificem,
844 2879 874 2930 et
896 2869 1051 2932 Eeclesiam
1075 2871 1107 2929 in
1135 2869 1191 2930 hoe
1214 2871 1327 2948 judioio

246 2949 395 3012 librorum
421 2971 521 3014 errere
540 2971 638 3032 posse,
660 2951 746 3031 eique
770 2951 886 3011 silentio
909 2951 1029 3029 obsequi
1051 2951 1121 3010 sotis
1138 2969 1216 3025 esee,
1238 2951 1327 3012 liuere

247 3039 350 3092 antem
371 3033 463 3095 enisis
485 3035 583 3096 naimo
606 3035 705 3096 lovere
728 3031 922 3108 sententium,
947 3051 1014 3110 queo
1028 3032 1121 3111 magis
1147 3032 1268 3109 placeat.
1292 3031 1327 3094 ld

247 3116 413 3192 presertim
430 3117 574 3176 anmoins
586 3113 732 3176 Arnaldus
751 3113 838 3192 eoepit
856 3113 1051 3186 contender03
1067 3122 1155 3189 atque
1174 3111 1237 3172 haue
1250 3111 1327 3171 eele-

247 3193 313 3254 brie
326 3203 370 3255 eet
378 3195 463 3276 jersia
484 3205 513 3257 et
533 3194 609 3277 fecti
626 3195 785 3257 distinctio.
807 3197 891 3270 llaee,
914 3201 948 3253 nt
971 3191 1069 3254 verbis
1083 3200 1151 3252 utar
1163 3191 1327 3270 preclaris-

247 3275 318 3335 simi
342 3277 491 3338 Fonelonii
519 3277 733 3340 Cameracensis
759 3273 986 3355 arehiepisoopi,
1017 3270 1083 3335 doe.
1107 3280 1224 3354 postor.
1253 3271 1323 3334 oda.

246 3351 303 3418 leia.
319 3374 379 3419 eoe.
397 3357 556 3420 connotent.
573 3377 625 3418 oo.
643 3359 722 3420 liol
738 3376 809 3439 paq.
828 3358 846 3416 7
871 3383 884 3410 o
899 3357 1082 3434 scriptorum
1100 3353 1217 3415 infinito
1234 3373 1326 3435 prope

247 3454 374 3498 numero
399 3438 585 3514 detenditur,
613 3439 779 3516 ecelesiam,
810 3437 886 3499 nihil
917 3437 1101 3500 obstantibus
1123 3434 1233 3497 Christi
1256 3454 1326 3514 pro-

246 3518 361 3588 missis.
376 3537 460 3598 posse
477 3539 532 3600 ope
553 3519 654 3581 divine
675 3538 768 3598 usque
786 3537 821 3580 eo
841 3518 979 3590 destitui,
998 3525 1032 3578 ut
1053 3525 1084 3578 et
1102 3517 1221 3578 fallatur
1244 3518 1324 3597 ipsa,

246 3609 279 3663 et
304 3600 381 3677 ipsos
412 3601 507 3678 iallat,
533 3598 698 3679 siquando
726 3599 895 3676 denuntiet,
920 3618 971 3674 eo,
1008 3616 1100 3677 quem
1127 3598 1215 3678 legit,
1242 3607 1325 3660 textu

246 3681 424 3744 mamutium
449 3683 633 3760 hereticam,
658 3680 713 3741 hoe
731 3687 775 3741 est
794 3679 924 3759 dogmati
941 3679 1070 3741 revelato
1088 3677 1241 3740 adversam
1257 3698 1324 3759 pro·

245 3761 315 3840 prie
340 3761 509 3842 signitioari.
539 3762 621 3826 loeo
648 3762 780 3824 doctrine
806 3759 868 3822 nec
895 3778 955 3823 non
977 3759 1102 3821 offendit
1124 3760 1255 3835 enimes,
1292 3769 1326 3820 ut

246 3849 351 3902 eontra
375 3845 576 3923 unnsquisque
600 3843 642 3905 sio
675 3851 804 3904 statuere
827 3849 987 3918 assuescat,
1022 3860 1087 3903 mm
1114 3841 1256 3902 adhibitae
1277 3840 1328 3980 pus

245 3923 329 3986 inter
350 3931 380 3984 et
397 3924 507 3986 laetum
529 3924 725 3986 distinotionis
750 3922 892 3984 beneficio
920 3931 1030 3984 oertam
1058 3931 1087 3984 et
1112 3923 1278 4000 inexpuqna
1300 3939 1327 3980 r-

246 4004 309 4065 lem
323 4001 425 4065 lieri.»
442 4007 616 4068 Defensores
631 4003 718 4084 hujus
732 4013 792 4066 tam
805 4005 901 4081 salsas,
918 4013 1038 4082 tamque
1052 4005 1160 4082 inepte
1171 4001 1327 4062 sermatiae

244 4085 635 4228 ffililiiiiiiiiii
645 4083 1326 4239 itt3¹⁰tittttttttztttetttttt‘ttt

246 4249 416 4312 Bomuetius
432 4248 582 4328 episeopus
597 4249 753 4310 ttetdensis
766 4249 865 4308 Lettre
879 4251 899 4308 ci
915 4243 946 4307 lo
959 4247 998 4307 li.
1013 4247 1059 4308 M.
1080 4240 1196 4304 aetem
1215 4249 1242 4302 et
1255 4237 1327 4303 reii-
