3575 5625
653 623 800 693 -569
827 665 875 681 -

231 773 310 845 Cum
334 797 409 844 vero
436 771 563 846 cambio
587 797 746 868 occupare
770 774 942 868 pecuniam
974 773 1110 866 debuit,
1142 779 1200 875 qui
1226 803 1304 850 mu-

233 886 323 943 tuum
349 873 492 967 accepit,
522 870 565 940 de
598 870 690 941 nulla
722 895 759 940 re
789 867 942 940 sollicitus
973 887 1023 942 est
1052 874 1218 965 creditor,
1248 880 1302 948 cui

230 968 372 1040 solvendi
412 983 490 1039 sunt
532 969 677 1057 fructus,
716 969 782 1038 sire
818 965 901 1037 alter
940 965 1093 1063 fregerit,
1130 976 1197 1045 sire
1230 998 1303 1048 ser-

232 1069 308 1137 varit
335 1065 450 1137 fidem.
478 1065 564 1138 Nam
604 1081 772 1137 contracto
809 1045 937 1136 cambio
970 1069 1040 1163 ejus
1076 1067 1201 1142 fructus
1227 1097 1302 1142 cre-

231 1163 326 1236 ditori
353 1164 543 1248 solvuntur,
575 1189 681 1260 eoquo
714 1161 864 1257 neglecto
899 1162 1026 1233 fructus
1065 1164 1165 1236 iidem
1203 1167 1304 1239 dandi

229 1277 304 1331 sunt
330 1277 468 1359 propter
496 1261 550 1350 id,
580 1259 670 1357 quod
703 1260 872 1334 creditoris
904 1263 1060 1350 interest,
1102 1265 1169 1334 sire
1199 1289 1304 1362 prop·

231 1375 279 1429 ter
307 1361 488 1447 damnum,
527 1359 616 1454 quod
650 1361 686 1428 in
721 1383 798 1428 cum
836 1357 1021 1448 redundat,
1065 1364 1143 1457 quia
1179 1360 1308 1435 debitor

232 1457 448 1552 stipulationis
473 1455 538 1550 legi
565 1481 632 1527 non
661 1455 824 1527 satisfecit.
859 1457 970 1554 Atque
1000 1455 1054 1528 hic
1087 1457 1223 1556 quidem
1245 1489 1308 1533 ne-

233 1557 311 1648 gotii
347 1553 541 1652 expediendi
579 1551 716 1643 modus,
748 1578 809 1649 per
847 1580 948 1652 quem
984 1579 1035 1626 res
1066 1571 1117 1626 est
1154 1555 1309 1630 creditori

233 1655 376 1740 cautior,
401 1651 604 1748 frequentior
633 1674 702 1721 esse
732 1649 826 1721 solet.

280 1797 313 1896 ς.
347 1797 504 1870 XXVIII.
540 1797 613 1868 Iam
652 1820 731 1868 rcro
777 1821 880 1892 genus
923 1796 987 1871 hoc
1032 1799 1169 1888 cambii,
1219 1802 1310 1898 quod

232 1899 417 1992 obliquum
455 1895 612 1993 appellari
650 1894 810 1983 diximus,
856 1897 1048 1968 circuitione
1084 1897 1227 1995 quadarn
1275 1917 1309 1971 et

231 1995 403 2081 anfractu,
432 1997 583 2090 iniquum
616 2007 726 2088 tegere
758 2015 796 2062 ac
830 1993 938 2064 relate
969 1993 1094 2084 suanus,
1128 1995 1221 2068 facile
1252 1999 1309 2068 in-

232 2091 412 2185 telligitur,
436 2106 470 2162 et
494 2097 557 2162 hoc
587 2089 721 2189 quidem
747 2090 855 2160 Ioenus
884 2096 986 2188 magis
1021 2095 1143 2164 eminet
1184 2111 1218 2166 et
1246 2122 1311 2192 ap·

234 2205 355 2285 paret,
381 2189 547 2285 cumipse
569 2188 698 2260 debitor
726 2213 759 2259 se
779 2191 925 2285 accipere
949 2194 1123 2287 pecuniam
1155 2191 1307 2282 simulat,

231 2301 270 2354 ut
312 2311 386 2356 cum
425 2311 461 2355 ca
505 2287 701 2382 negotietur.
744 2283 828 2372 Quis
867 2289 957 2358 enim
997 2286 1109 2358 credet
1139 2288 1308 2363 bominem

229 2383 383 2478 inopem,
438 2385 495 2478 qui
548 2399 702 2454 mutuum
760 2385 877 2479 achpit
941 2399 1078 2481 propter
1131 2404 1308 2481 egestatem

229 2497 263 2550 et
303 2483 484 2575 angustiam
524 2483 569 2552 rei
611 2479 795 2571 familiaris,
835 2483 946 2552 statim
982 2485 1019 2552 in
1053 2501 1212 2581 promptu
1254 2486 1310 2555 ha·

230 2577 308 2648 bere
346 2581 519 2674 pecuniam
555 2595 698 2675 acceptae
733 2603 873 2674 parem,
916 2605 1018 2676 qoam
1059 2607 1136 2652 cnm
1181 2599 1310 2680 quaestu

232 2675 493 2772 compendioque
539 2677 719 2746 mutuantis
762 2674 803 2746 ad
853 2677 1016 2750 nundinas
1054 2682 1165 2750 mittat
1210 2696 1310 2777 atque

231 2775 265 2844 in
291 2774 458 2845 cambium
491 2765 664 2845 conterar?

279 2912 312 3013 §.
359 2912 495 2984 XXIX.
540 2910 651 2997 Quare
705 2912 760 2981 hic
810 2926 994 2982 contractus
1048 2930 1123 2983 utut
1180 2916 1309 3009 probari

230 3015 334 3107 possit
365 3014 401 3079 in
433 3010 505 3081 foro
538 3026 695 3097 externo,
728 3010 764 3076 iu
794 3032 861 3104 quo
897 3007 981 3079 forte
1015 3034 1065 3079 res
1092 3026 1181 3103 gesta
1204 3038 1312 3083 cense-

230 3126 305 3199 tur,
347 3109 397 3179 nti
433 3104 645 3203 stipulatione
676 3121 875 3179 conventum
916 3121 986 3196 est,
1021 3122 1133 3177 tamen
1170 3110 1206 3177 in
1240 3110 1312 3181 Ioro

230 3209 385 3295 interno,
426 3208 461 3273 in
503 3230 569 3302 quo
605 3202 711 3274 solum
756 3217 924 3300 spectatur
963 3206 1057 3301 quod
1090 3228 1200 3275 rerera
1244 3232 1312 3301 ges·

229 3318 317 3383 tum,
333 3318 402 3390 est,
433 3304 458 3371 si
490 3303 652 3399 pecunia,
680 3324 756 3397 quae
784 3316 938 3371 mutuum
965 3316 1134 3399 exaequat,
1160 3302 1202 3372 ad
1228 3330 1312 3375 nun·

230 3401 326 3473 dinas
357 3401 451 3470 missa
477 3398 650 3485 nonfuit,
683 3399 748 3469 sire
780 3404 815 3469 in
839 3398 968 3469 cambio
993 3417 1168 3496 occupata,
1201 3428 1311 3500 neque

230 3498 264 3569 id
309 3522 461 3594 unquam
505 3498 710 3595 propositum
762 3497 826 3567 suit
863 3497 1151 3589 contrahentibus,
1191 3498 1310 3598 hujus·

230 3596 323 3669 modi
358 3594 523 3666 cambium
552 3609 672 3690 turpe,
710 3609 743 3663 et
776 3618 885 3667 usurae
918 3592 991 3667 labe
1018 3596 1176 3668 infectum
1206 3598 1311 3669 chris-

229 3696 389 3790 tianoque
444 3692 579 3763 homine
630 3690 803 3785 indignum
862 3692 1052 3765 habendum
1098 3711 1158 3766 est.
1221 3695 1312 3767 Licet

230 3816 311 3863 sane
345 3817 383 3861 ex
422 3792 560 3887 pecunia
594 3789 686 3861 alteri
717 3788 791 3859 data
826 3788 957 3862 lucrum
990 3796 1146 3890 consequi
1172 3810 1311 3888 propter

230 3888 405 3961 ademtam
454 3886 607 3977 lucrum,
651 3902 707 3957 aut
752 3886 880 3959 illatum
929 3886 1108 3979 damnum,
1153 3894 1219 3959 sire
1273 3906 1312 3958 ut

231 3986 333 4083 vulgo
369 3985 555 4081 loquimur,
597 3986 700 4057 titulo
732 3987 828 4057 lucri
857 3993 1026 4059 emensis
1036 4040 1049 4075 ,
1086 3999 1155 4058 aut
1183 3986 1314 4055 mmai

230 4092 467 4181 euccrporttis5
493 4108 606 4153 verum
640 4082 834 4172 Idunum,
872 4084 962 4180 quod
997 4109 1130 4179 aequum
1160 4083 1310 4177 justum-

232 4210 299 4278 que
323 4196 392 4270 est,
422 4205 491 4277 prae
517 4206 550 4251 se
579 4180 664 4253 serre
688 4194 877 4255 mutuantes
905 4180 1050 4268 debent,
1069 4193 1106 4248 ut
1134 4176 1310 4342 prppatum
1367 4208 1370 4214 ·

337 4301 413 4347 rou.
444 4303 478 4348 u.
