3575 5625
878 610 1099 683 -ato-

445 768 470 835 si
494 765 604 836 venire
641 779 775 857 cogatur
798 760 873 858 (d),
902 775 1067 857 acceptam
1094 785 1112 829 a
1148 756 1280 829 Christo
1313 770 1519 856 potestatem

445 860 607 951 ostendit,
639 886 699 957 per
732 884 832 956 quam
861 859 989 930 ulcisci
1017 859 1118 955 possit
1145 881 1286 927 coenem
1319 858 1520 929 inobedien-

445 966 536 1031 tium
564 974 597 1029 et
626 984 659 1029 se
690 959 822 1030 durius
849 972 1000 1028 acturum
1038 956 1214 1051 profitetur
1257 952 1409 1025 adsersus
1443 980 1518 1043 eos,

470 1059 503 1126 ui
539 1055 599 1126 sibi
637 1081 706 1127 non
753 1053 909 1127 obediant
944 1053 1012 1150 (5).
1055 1053 1128 1150 lpse
1164 1051 1285 1124 Paulus
1332 1055 1519 1150 episcopum

445 1084 559 1243 docet,
606 1151 886 1250 quemadmodum
930 1152 995 1223 acci
1040 1176 1075 1221 re
1119 1148 1238 1221 debeat
1281 1152 1519 1238 accusationes,

446 1276 520 1348 quae
551 1266 665 1323 contra
689 1250 921 1349 presbyterum
948 1246 991 1319 de
1005 1262 1143 1319 eruatur
1166 1248 1235 1345 (6).

487 1424 512 1505 (1
543 1420 817 1486 ichimctlt.1v.
836 1424 887 1492 20,
903 1428 932 1483 et
943 1424 971 1484 11
985 1419 1026 1482 cd
1043 1418 1194 1482 rttnwtt.
1211 1424 1263 1483 tv.
1277 1439 1307 1480 o.
1326 1422 1378 1502 tti.

486 1507 516 1584 (2
542 1510 555 1568 1
569 1503 610 1566 od
625 1502 758 1566 Corinth.
773 1508 827 1566 io.
842 1507 861 1565 t
875 1511 989 1589 etseq,
1001 1510 1032 1566 et
1045 1500 1123 1566 llcd
1134 1498 1269 1564 Corinth.
1285 1504 1312 1563 11
1322 1521 1352 1563 o.
1369 1504 1428 1563 Get
1439 1520 1503 1583 seq.

500 1589 518 1649 5
545 1590 556 1648 1
572 1585 614 1649 ad
627 1584 762 1648 Corinth.
779 1588 819 1647 tv
830 1605 860 1647 o.
874 1586 928 1647 at.

500 1671 520 1729 1
546 1664 897 1730 indemutatae.
913 1669 944 1728 2.

486 1750 529 1829 (s)
545 1754 571 1812 11
582 1748 623 1811 od
638 1746 772 1811 Corinth.
788 1752 827 1810 X.
843 1768 873 1811 o.
887 1751 907 1810 6
919 1757 948 1811 et
1014 1751 1079 1824 .‚·ll
1094 1744 1135 1809 cd
1147 1743 1348 1811 rtmctcctc.
1366 1750 1407 1810 111
1421 1766 1451 1807 o.
1467 1749 1518 1807 st.

448 1832 555 1893 Gonicr
570 1850 636 1910 quse
649 1831 710 1892 dixi
725 1828 777 1893 tt.
794 1832 812 1891 3
829 1831 875 1891 tit.
895 1834 910 1892 1
927 1766 1012 1913 §.nid
1029 1837 1058 1891 et
1073 1849 1135 1914 sep.
1152 1838 1223 1892 tom.
1240 1831 1259 1890 5
1274 1848 1349 1913 poq.
1366 1832 1400 1891 tt
1419 1838 1448 1890 ct
1459 1838 1521 1911 seq.

488 1912 530 1995 (6)
543 1917 554 1976 1
569 1912 611 1975 od
628 1909 757 1974 Timotb.
774 1915 842 1973 Vn.
860 1915 910 1974 10.

494 2064 526 2164 §.
567 2064 625 2135 tv.
679 2064 837 2161 Exemplo
892 2066 1116 2162 apostolorum
1170 2066 1313 2162 episcopi
1369 2062 1519 2135 eamdem

446 2189 597 2260 semper,
631 2164 758 2259 quoties
804 2189 887 2261 opus
930 2163 1016 2254 luit,
1060 2179 1254 2260 potestatem
1291 2176 1519 2233 exercuerunt.

447 2259 547 2344 Quod
596 2285 663 2331 non
697 2258 804 2333 solnm
843 2259 1058 2334 Constantino
1094 2262 1291 2358 imperatore
1334 2274 1369 2330 et
1407 2274 1524 2356 quarto

447 2376 522 2454 post
552 2356 719 2429 Christum
754 2376 869 2431 uatum
907 2359 1047 2448 saeculo,
1076 2384 1143 2455 quc
1173 2370 1321 2454 tempore
1351 2358 1526 2428 christiana

448 2454 561 2551 religio
592 2458 627 2525 in
669 2459 807 2551 imperio
838 2457 1001 2529 dominari
1030 2458 1147 2553 coepit,
1182 2454 1241 2527 sed
1269 2459 1368 2525 etiam
1403 2456 1526 2550 priori-

364 2576 367 2581 ·
449 2552 509 2623 bus
543 2552 669 2625 saecnlis
705 2553 828 2626 factum
861 2572 922 2626 est.
963 2554 1048 2627 Nam
1092 2578 1132 2624 eo
1164 2554 1321 2650 temporis
1355 2549 1526 2622 intervallo

451 2648 561 2721 Victor
597 2676 743 2721 summas
784 2651 939 2723 Pontifex
977 2655 1012 2722 in
1056 2650 1268 2722 Theodorum
1303 2649 1525 2748 Byzantinum

449 2745 628 2819 Coriarinm
673 2749 903 2821 animadvertit
936 2764 971 2822 et
1008 2752 1151 2821 coercuit
1183 2749 1339 2836 Asianos,
1375 2749 1433 2845 qui
1456 2749 1526 2843 ipsa

448 2844 526 2916 luna
560 2844 669 2938 xlv,
719 2847 936 2920 Hebraeorum
980 2872 1091 2935 more,
1182 2847 1259 2918 echa
1302 2844 1521 2916 celebrabant.

450 2939 607 3014 Similiter
643 2971 661 3014 a
696 2945 940 3045 presbyteratus
983 2943 1088 3039 gradu
1134 2874 1280 3042 <leniamus
1326 2968 1364 3014 ac
1404 2967 1526 3013 censu-

450 3066 558 3113 rarum
582 3043 689 3139 poenis
719 3043 853 3114 affectus
887 3061 936 3114 est
967 3041 1109 3129 Marcio,
1143 3042 1265 3112 Paulus
1295 3038 1527 3112 samosatenus

450 3137 492 3210 de
540 3143 728 3239 episcopatu
777 3141 921 3212 dimotus
962 3155 1061 3237 atque
1111 3140 1153 3210 ab
1195 3139 1324 3210 ecclesia
1377 3140 1525 3235 ejectos,

450 3253 580 3333 sumpta
614 3264 711 3335 poena
741 3237 782 3310 de
818 3239 945 3310 Novato
982 3253 1014 3308 et
1052 3236 1269 3326 Felicissimo,
1303 3236 1345 3306 de
1384 3234 1524 3306 basilide

450 3332 651 3404 Asturieensi
687 3350 720 3405 et
757 3334 906 3406 Martiale
939 3336 1153 3423 Emeritensi,
1191 3333 1234 3404 de
1280 3333 1445 3429 Origene,
1484 3331 1526 3402 de

451 3431 585 3518 ceteris,
613 3433 670 3527 qui
698 3435 733 3500 in
771 3431 962 3526 religionem
986 3446 1209 3528 peccaverant.
1243 3431 1352 3527 Atque
1383 3433 1419 3501 hi
1449 3433 1526 3526 qui-

451 3526 527 3596 dem
562 3551 675 3598 omnes
713 3554 782 3599 ncn
812 3554 926 3624 poenas
960 3553 1017 3598 soa
1049 3544 1168 3627 sponte
1196 3545 1431 3625 susceperunt,
1470 3526 1527 3597 sed

451 3649 503 3694 eas
522 3623 662 3695 ecclesiae
693 3624 766 3720 lege
802 3642 837 3696 et
865 3629 1003 3723 imperio
1030 3630 1189 3698 sustinere
1216 3629 1317 3700 coacti
1352 3642 1430 3697 sunt
1457 3624 1524 3721 (l).

493 3769 535 3851 (t)
549 3773 644 3846 Quam
658 3790 736 3852 egre
749 3772 851 3834 tulerit
869 3774 1060 3853 depositionis
1073 3776 1248 3837 seutentiam
1266 3773 1374 3836 nomio
1389 3782 1420 3834 et
1433 3789 1530 3851 quen-

453 3861 516 3912 tum
529 3851 729 3930 laborarit,nt
739 3854 863 3934 gradum
875 3873 962 3915 sunm
976 3874 1151 3937 recuperare
1163 3865 1277 3936 posset,
1292 3864 1394 3916 nmrat
1407 3857 1438 3917 S.
1456 3854 1529 3931 lipi-

452 3934 579 4013 phanius
591 3929 694 3996 berea.
712 3937 752 3996 22
768 3932 815 3996 nel
834 3939 874 3998 at
887 3955 973 3998 nam.
991 3942 1006 4000 1
1029 3958 1061 4020 p.
1077 3940 1137 4000 502
1159 3947 1180 3998 t.
1197 3942 1209 3998 1
1229 3936 1275 3998 ed.
1292 3933 1421 3999 Colemoe
1434 3935 1525 3997 tota.

452 4016 559 4077 Paulus
581 4019 786 4079 samosatenus
809 4026 869 4079 tam
892 4018 1031 4081 audacter
1048 4028 1079 4081 et
1105 4021 1293 4099 pertinaciter
1321 4017 1431 4079 restitit
1458 4035 1529 4078 sen-

450 4100 549 4158 teotioe
565 4098 772 4177 depositionis,
788 4117 855 4178 que
875 4100 1015 4163 adversus
1027 4120 1096 4162 cnm
1112 4103 1171 4162 iata
1185 4103 1297 4177 iuerat,
1313 4110 1347 4161 ut
1373 4099 1527 4161 christiani

450 4180 594 4242 antistites
615 4181 748 4260 rogarint
772 4181 868 4262 ipsum
884 4183 1076 4246 Aurelianum
1090 4185 1316 4264 imperatorem,
1330 4183 1382 4261 qni
1409 4199 1479 4242 enm
1493 4198 1542 4240 ex.
