<?xml version="1.0" encoding="UTF-8"?>
<!DOCTYPE html PUBLIC "-//W3C//DTD XHTML 1.0 Transitional//EN"
    "http://www.w3.org/TR/xhtml1/DTD/xhtml1-transitional.dtd">
<html xmlns="http://www.w3.org/1999/xhtml" xml:lang="en" lang="en">
 <head>
  <title>
</title>
<meta http-equiv="Content-Type" content="text/html;charset=utf-8" />
  <meta name='ocr-system' content='tesseract 3.04.00' />
  <meta name='ocr-capabilities' content='ocr_page ocr_carea ocr_par ocr_line ocrx_word'/>
</head>
<body>
  <div class='ocr_page' id='page_1' title='image "./institutionumca01devogoog_0337.png"; bbox 0 0 3575 5625; ppageno 0'>
   <div class='ocr_carea' id='block_1_1' title="bbox 898 662 1121 733">
    <p class='ocr_par' dir='ltr' id='par_1_1' title="bbox 898 662 1121 733">
     <span class='ocr_line' id='line_1_1' title="bbox 898 662 1121 733; baseline 0.009 -14"><span class='ocrx_word' id='word_1_1' title='bbox 898 662 1121 733; x_wconf 63' lang='lat'>..528-</span> 
     </span>
    </p>
   </div>
   <div class='ocr_carea' id='block_1_2' title="bbox 460 808 1551 1120">
    <p class='ocr_par' dir='ltr' id='par_1_2' title="bbox 460 808 1551 1120">
     <span class='ocr_line' id='line_1_2' title="bbox 460 808 1545 911; baseline -0.002 -28"><span class='ocrx_word' id='word_1_2' title='bbox 460 813 591 911; x_wconf 84' lang='lat' dir='ltr'><strong>judice,</strong></span> <span class='ocrx_word' id='word_1_3' title='bbox 632 827 705 882; x_wconf 89' lang='lat' dir='ltr'><strong>tum</strong></span> <span class='ocrx_word' id='word_1_4' title='bbox 730 827 825 882; x_wconf 84' lang='lat' dir='ltr'><strong>teate.</strong></span> <span class='ocrx_word' id='word_1_5' title='bbox 866 808 979 895; x_wconf 88' lang='lat' dir='ltr'><strong>Quare</strong></span> <span class='ocrx_word' id='word_1_6' title='bbox 1012 809 1155 881; x_wconf 74' lang='lat' dir='ltr'><strong>Ecclesia</strong></span> <span class='ocrx_word' id='word_1_7' title='bbox 1198 809 1316 907; x_wconf 88' lang='lat' dir='ltr'><strong>probat</strong></span> <span class='ocrx_word' id='word_1_8' title='bbox 1350 835 1545 907; x_wconf 80' lang='lat' dir='ltr'>semperque</span> 
     </span>
     <span class='ocr_line' id='line_1_3' title="bbox 465 906 1551 1009; baseline -0.004 -28"><span class='ocrx_word' id='word_1_9' title='bbox 465 908 615 1007; x_wconf 86' lang='lat' dir='ltr'><strong>probarit</strong></span> <span class='ocrx_word' id='word_1_10' title='bbox 652 909 907 1009; x_wconf 58' lang='lat' dir='ltr'><strong>jup‘urandum</strong></span> <span class='ocrx_word' id='word_1_11' title='bbox 953 924 992 978; x_wconf 86' lang='lat' dir='ltr'><strong>ut</strong></span> <span class='ocrx_word' id='word_1_12' title='bbox 1031 908 1180 980; x_wconf 89' lang='lat' dir='ltr'><strong>homines</strong></span> <span class='ocrx_word' id='word_1_13' title='bbox 1225 906 1353 977; x_wconf 87' lang='lat' dir='ltr'><strong>firmius</strong></span> <span class='ocrx_word' id='word_1_14' title='bbox 1389 924 1551 997; x_wconf 77' lang='lat' dir='ltr'><strong>teneant,-</strong></span> 
     </span>
     <span class='ocr_line' id='line_1_4' title="bbox 465 1004 1545 1120; baseline -0.005 -41"><span class='ocrx_word' id='word_1_15' title='bbox 465 1007 555 1120; x_wconf 73' lang='lat' dir='ltr'><strong>qpod</strong></span> <span class='ocrx_word' id='word_1_16' title='bbox 596 1008 665 1079; x_wconf 83' lang='lat' dir='ltr'><strong>Deo</strong></span> <span class='ocrx_word' id='word_1_17' title='bbox 709 1022 791 1077; x_wconf 87' lang='lat' dir='ltr'><strong>teste</strong></span> <span class='ocrx_word' id='word_1_18' title='bbox 823 1006 986 1077; x_wconf 88' lang='lat' dir='ltr'><strong>affirmate</strong></span> <span class='ocrx_word' id='word_1_19' title='bbox 1024 1005 1197 1093; x_wconf 79' lang='lat' dir='ltr'><strong>dixerunt3</strong></span> <span class='ocrx_word' id='word_1_20' title='bbox 1240 1020 1274 1077; x_wconf 90' lang='lat' dir='ltr'><strong>et</strong></span> <span class='ocrx_word' id='word_1_21' title='bbox 1334 1004 1407 1077; x_wconf 88' lang='lat' dir='ltr'><strong>lane</strong></span> <span class='ocrx_word' id='word_1_22' title='bbox 1454 1006 1545 1075; x_wconf 81' lang='lat' dir='ltr'><strong>desi·</strong></span> 
     </span>
    </p>
   </div>
   <div class='ocr_carea' id='block_1_3' title="bbox 461 1030 1548 1395">
    <p class='ocr_par' dir='ltr' id='par_1_3' title="bbox 461 1030 1548 1395">
     <span class='ocr_line' id='line_1_5' title="bbox 465 1030 1547 1203; baseline 0.001 -30"><span class='ocrx_word' id='word_1_23' title='bbox 465 1120 583 1201; x_wconf 81' lang='lat' dir='ltr'><strong>piunt,</strong></span> <span class='ocrx_word' id='word_1_24' title='bbox 624 1106 682 1200; x_wconf 92' lang='lat' dir='ltr'><strong>qui</strong></span> <span class='ocrx_word' id='word_1_25' title='bbox 718 1129 894 1175; x_wconf 90' lang='lat' dir='ltr'><strong>commune</strong></span> <span class='ocrx_word' id='word_1_26' title='bbox 924 1102 1159 1203; x_wconf 86' lang='lat' dir='ltr'><strong>jusjurandum</strong></span> <span class='ocrx_word' id='word_1_27' title='bbox 1199 1030 1410 1199; x_wconf 65' lang='lat' dir='ltr'><strong>improlem,</strong></span> <span class='ocrx_word' id='word_1_28' title='bbox 1454 1103 1547 1199; x_wconf 90' lang='lat' dir='ltr'><strong>qnod</strong></span> 
     </span>
     <span class='ocr_line' id='line_1_6' title="bbox 461 1199 1548 1299; baseline -0.003 -27"><span class='ocrx_word' id='word_1_29' title='bbox 461 1204 558 1299; x_wconf 87' lang='lat' dir='ltr'><strong>justis</strong></span> <span class='ocrx_word' id='word_1_30' title='bbox 591 1200 761 1273; x_wconf 88' lang='lat' dir='ltr'><strong>decausis</strong></span> <span class='ocrx_word' id='word_1_31' title='bbox 800 1203 961 1274; x_wconf 84' lang='lat' dir='ltr'><strong>emittitur</strong></span> <span class='ocrx_word' id='word_1_32' title='bbox 997 1202 1070 1298; x_wconf 85' lang='lat' dir='ltr'><strong>(l).</strong></span> <span class='ocrx_word' id='word_1_33' title='bbox 1101 1202 1203 1273; x_wconf 86' lang='lat' dir='ltr'><strong>Vetat</strong></span> <span class='ocrx_word' id='word_1_34' title='bbox 1235 1199 1370 1297; x_wconf 88' lang='lat' dir='ltr'><strong>quidem</strong></span> <span class='ocrx_word' id='word_1_35' title='bbox 1414 1202 1548 1272; x_wconf 88' lang='lat' dir='ltr'><strong>ecelesia</strong></span> 
     </span>
     <span class='ocr_line' id='line_1_7' title="bbox 466 1296 1548 1395; baseline -0.002 -27"><span class='ocrx_word' id='word_1_36' title='bbox 466 1296 612 1395; x_wconf 82' lang='lat' dir='ltr'><strong>aliquem</strong></span> <span class='ocrx_word' id='word_1_37' title='bbox 656 1314 781 1371; x_wconf 86' lang='lat' dir='ltr'><strong>temere</strong></span> <span class='ocrx_word' id='word_1_38' title='bbox 820 1316 854 1371; x_wconf 90' lang='lat' dir='ltr'><strong>et</strong></span> <span class='ocrx_word' id='word_1_39' title='bbox 903 1296 1163 1388; x_wconf 83' lang='lat' dir='ltr'><strong>inconsiderate,</strong></span> <span class='ocrx_word' id='word_1_40' title='bbox 1196 1314 1295 1395; x_wconf 89' lang='lat' dir='ltr'><strong>atque</strong></span> <span class='ocrx_word' id='word_1_41' title='bbox 1333 1322 1372 1368; x_wconf 86' lang='lat' dir='ltr'><strong>ex</strong></span> <span class='ocrx_word' id='word_1_42' title='bbox 1408 1298 1474 1369; x_wconf 87' lang='lat' dir='ltr'><strong>leri</strong></span> <span class='ocrx_word' id='word_1_43' title='bbox 1515 1313 1548 1369; x_wconf 89' lang='lat' dir='ltr'><strong>et</strong></span> 
     </span>
    </p>
   </div>
   <div class='ocr_carea' id='block_1_4' title="bbox 467 1394 1547 1496">
    <p class='ocr_par' dir='ltr' id='par_1_4' title="bbox 467 1394 1547 1496">
     <span class='ocr_line' id='line_1_8' title="bbox 467 1394 1547 1496; baseline -0.001 -30"><span class='ocrx_word' id='word_1_44' title='bbox 467 1399 556 1467; x_wconf 91' lang='lat' dir='ltr'><strong>inani</strong></span> <span class='ocrx_word' id='word_1_45' title='bbox 591 1422 684 1469; x_wconf 90' lang='lat' dir='ltr'><strong>causa</strong></span> <span class='ocrx_word' id='word_1_46' title='bbox 713 1398 827 1495; x_wconf 88' lang='lat' dir='ltr'><strong>jurare</strong></span> <span class='ocrx_word' id='word_1_47' title='bbox 863 1397 942 1495; x_wconf 70' lang='lat'><strong>(2);</strong></span> <span class='ocrx_word' id='word_1_48' title='bbox 974 1396 1031 1468; x_wconf 86' lang='lat' dir='ltr'><strong>sed</strong></span> <span class='ocrx_word' id='word_1_49' title='bbox 1070 1394 1154 1468; x_wconf 86' lang='lat' dir='ltr'><strong>fides</strong></span> <span class='ocrx_word' id='word_1_50' title='bbox 1191 1413 1225 1467; x_wconf 92' lang='lat' dir='ltr'><strong>et</strong></span> <span class='ocrx_word' id='word_1_51' title='bbox 1265 1395 1377 1491; x_wconf 84' lang='lat' dir='ltr'><strong>religio</strong></span> <span class='ocrx_word' id='word_1_52' title='bbox 1403 1396 1547 1496; x_wconf 84' lang='lat' dir='ltr'><strong>jurisju-</strong></span> 
     </span>
    </p>
   </div>
   <div class='ocr_carea' id='block_1_5' title="bbox 467 1494 1547 1689">
    <p class='ocr_par' dir='ltr' id='par_1_5' title="bbox 467 1494 1547 1689">
     <span class='ocr_line' id='line_1_9' title="bbox 467 1494 1547 1661; baseline -0.004 -97"><span class='ocrx_word' id='word_1_53' title='bbox 467 1494 582 1585; x_wconf 85' lang='lat' dir='ltr'><strong>randi,</strong></span> <span class='ocrx_word' id='word_1_54' title='bbox 611 1520 686 1591; x_wconf 78' lang='lat' dir='ltr'><strong>quae</strong></span> <span class='ocrx_word' id='word_1_55' title='bbox 719 1496 824 1661; x_wconf 52' lang='lat' dir='ltr'><strong>{ustas</strong></span> <span class='ocrx_word' id='word_1_56' title='bbox 864 1495 964 1567; x_wconf 91' lang='lat' dir='ltr'><strong>habet</strong></span> <span class='ocrx_word' id='word_1_57' title='bbox 1005 1519 1138 1584; x_wconf 72' lang='lat' dir='ltr'><strong>musas,</strong></span> <span class='ocrx_word' id='word_1_58' title='bbox 1176 1496 1294 1566; x_wconf 87' lang='lat' dir='ltr'><strong>merito</strong></span> <span class='ocrx_word' id='word_1_59' title='bbox 1339 1510 1470 1591; x_wconf 83' lang='lat' dir='ltr'><strong>recepta</strong></span> <span class='ocrx_word' id='word_1_60' title='bbox 1514 1508 1547 1561; x_wconf 87' lang='lat' dir='ltr'><strong>ct</strong></span> 
     </span>
     <span class='ocr_line' id='line_1_10' title="bbox 467 1593 776 1689; baseline 0.01 -29"><span class='ocrx_word' id='word_1_61' title='bbox 467 1593 604 1689; x_wconf 87' lang='lat' dir='ltr'><strong>probata</strong></span> <span class='ocrx_word' id='word_1_62' title='bbox 630 1608 678 1664; x_wconf 85' lang='lat' dir='ltr'><strong>est</strong></span> <span class='ocrx_word' id='word_1_63' title='bbox 706 1610 720 1689; x_wconf 65' lang='lat' dir='ltr'><strong>t</strong></span> <span class='ocrx_word' id='word_1_64' title='bbox 747 1595 776 1688; x_wconf 90' lang='lat'><strong>).</strong></span> 
     </span>
    </p>
   </div>
   <div class='ocr_carea' id='block_1_6' title="bbox 468 1785 1551 3344">
    <p class='ocr_par' dir='ltr' id='par_1_6' title="bbox 468 1785 1551 3344">
     <span class='ocr_line' id='line_1_11' title="bbox 509 1785 1546 1871; baseline -0.002 -20"><span class='ocrx_word' id='word_1_65' title='bbox 509 1789 551 1870; x_wconf 88' lang='lat' dir='ltr'><strong>(l)</strong></span> <span class='ocrx_word' id='word_1_66' title='bbox 572 1788 743 1851; x_wconf 75' lang='lat' dir='ltr'><strong>Paschasius</strong></span> <span class='ocrx_word' id='word_1_67' title='bbox 756 1790 932 1866; x_wconf 85' lang='lat' dir='ltr'><strong>Quesnellua</strong></span> <span class='ocrx_word' id='word_1_68' title='bbox 944 1788 1038 1853; x_wconf 71' lang='lat' dir='ltr'><strong>oter.</strong></span> <span class='ocrx_word' id='word_1_69' title='bbox 1057 1786 1168 1851; x_wconf 77' lang='lat' dir='ltr'><strong>morel.</strong></span> <span class='ocrx_word' id='word_1_70' title='bbox 1184 1785 1295 1851; x_wconf 69' lang='lat' dir='ltr'><strong>aare.</strong></span> <span class='ocrx_word' id='word_1_71' title='bbox 1313 1807 1381 1871; x_wconf 85' lang='lat' dir='ltr'><strong>cop.</strong></span> <span class='ocrx_word' id='word_1_72' title='bbox 1409 1790 1428 1851; x_wconf 78' lang='grc'><strong>6</strong></span> <span class='ocrx_word' id='word_1_73' title='bbox 1450 1807 1482 1849; x_wconf 85' lang='lat' dir='ltr'><strong>o.</strong></span> <span class='ocrx_word' id='word_1_74' title='bbox 1507 1790 1546 1850; x_wconf 72' lang='lat'><strong>37</strong></span> 
     </span>
     <span class='ocr_line' id='line_1_12' title="bbox 474 1872 1549 1952; baseline -0.004 -17"><span class='ocrx_word' id='word_1_75' title='bbox 474 1896 487 1924; x_wconf 72' lang='lat' dir='ltr'>u</span> <span class='ocrx_word' id='word_1_76' title='bbox 508 1872 589 1935; x_wconf 87' lang='lat' dir='ltr'><strong>Nihil</strong></span> <span class='ocrx_word' id='word_1_77' title='bbox 606 1872 729 1951; x_wconf 88' lang='lat' dir='ltr'><strong>Spiritui</strong></span> <span class='ocrx_word' id='word_1_78' title='bbox 748 1873 803 1934; x_wconf 89' lang='lat' dir='ltr'><strong>Dei</strong></span> <span class='ocrx_word' id='word_1_79' title='bbox 822 1880 853 1932; x_wconf 93' lang='lat' dir='ltr'><strong>et</strong></span> <span class='ocrx_word' id='word_1_80' title='bbox 873 1872 1015 1934; x_wconf 74' lang='lat' dir='ltr'><strong>doctrine</strong></span> <span class='ocrx_word' id='word_1_81' title='bbox 1032 1874 1103 1935; x_wconf 78' lang='lat' dir='ltr'><strong>iesu</strong></span> <span class='ocrx_word' id='word_1_82' title='bbox 1116 1872 1227 1934; x_wconf 87' lang='lat' dir='ltr'><strong>Christi</strong></span> <span class='ocrx_word' id='word_1_83' title='bbox 1245 1872 1338 1952; x_wconf 89' lang='lat' dir='ltr'><strong>magis</strong></span> <span class='ocrx_word' id='word_1_84' title='bbox 1358 1872 1470 1949; x_wconf 88' lang='lat' dir='ltr'><strong>opponi</strong></span> <span class='ocrx_word' id='word_1_85' title='bbox 1494 1889 1549 1931; x_wconf 87' lang='lat' dir='ltr'><strong>or·</strong></span> 
     </span>
     <span class='ocr_line' id='line_1_13' title="bbox 468 1950 1548 2033; baseline 0 -20"><span class='ocrx_word' id='word_1_86' title='bbox 468 1950 613 2031; x_wconf 73' lang='lat' dir='ltr'><strong>iteratur,</strong></span> <span class='ocrx_word' id='word_1_87' title='bbox 636 1971 724 2031; x_wconf 87' lang='lat' dir='ltr'><strong>quarn</strong></span> <span class='ocrx_word' id='word_1_88' title='bbox 755 1955 923 2015; x_wconf 89' lang='lat' dir='ltr'><strong>communia</strong></span> <span class='ocrx_word' id='word_1_89' title='bbox 943 1955 1039 2016; x_wconf 88' lang='lat' dir='ltr'><strong>iacere</strong></span> <span class='ocrx_word' id='word_1_90' title='bbox 1056 1954 1224 2033; x_wconf 81' lang='lat' dir='ltr'><strong>juramenta</strong></span> <span class='ocrx_word' id='word_1_91' title='bbox 1252 1954 1284 2014; x_wconf 92' lang='lat' dir='ltr'><strong>in</strong></span> <span class='ocrx_word' id='word_1_92' title='bbox 1312 1952 1449 2029; x_wconf 77' lang='lat' dir='ltr'><strong>ccclesia,</strong></span> <span class='ocrx_word' id='word_1_93' title='bbox 1477 1953 1548 2032; x_wconf 84' lang='lat' dir='ltr'><strong>quia</strong></span> 
     </span>
     <span class='ocr_line' id='line_1_14' title="bbox 469 2033 1548 2115; baseline -0.002 -20"><span class='ocrx_word' id='word_1_94' title='bbox 469 2034 525 2096; x_wconf 89' lang='lat' dir='ltr'><strong>hoc</strong></span> <span class='ocrx_word' id='word_1_95' title='bbox 546 2045 590 2097; x_wconf 86' lang='lat' dir='ltr'><strong>est</strong></span> <span class='ocrx_word' id='word_1_96' title='bbox 608 2036 803 2115; x_wconf 88' lang='lat' dir='ltr'><strong>multiplicare</strong></span> <span class='ocrx_word' id='word_1_97' title='bbox 828 2037 992 2097; x_wconf 83' lang='lat' dir='ltr'><strong>occasiones</strong></span> <span class='ocrx_word' id='word_1_98' title='bbox 1014 2034 1182 2115; x_wconf 75' lang='lat' dir='ltr'><strong>peierandi‚</strong></span> <span class='ocrx_word' id='word_1_99' title='bbox 1207 2036 1326 2114; x_wconf 83' lang='lat' dir='ltr'><strong>laqueos</strong></span> <span class='ocrx_word' id='word_1_100' title='bbox 1349 2033 1476 2095; x_wconf 88' lang='lat' dir='ltr'><strong>tendere</strong></span> <span class='ocrx_word' id='word_1_101' title='bbox 1500 2034 1548 2093; x_wconf 86' lang='lat' dir='ltr'><strong>in-</strong></span> 
     </span>
     <span class='ocr_line' id='line_1_15' title="bbox 468 2114 1548 2193; baseline -0.001 -18"><span class='ocrx_word' id='word_1_102' title='bbox 468 2116 562 2179; x_wconf 86' lang='lat' dir='ltr'><strong>lirnris</strong></span> <span class='ocrx_word' id='word_1_103' title='bbox 586 2125 617 2178; x_wconf 91' lang='lat' dir='ltr'><strong>et</strong></span> <span class='ocrx_word' id='word_1_104' title='bbox 643 2117 758 2192; x_wconf 89' lang='lat' dir='ltr'><strong>idiotis,</strong></span> <span class='ocrx_word' id='word_1_105' title='bbox 794 2124 824 2177; x_wconf 88' lang='lat' dir='ltr'><strong>et</strong></span> <span class='ocrx_word' id='word_1_106' title='bbox 849 2117 982 2193; x_wconf 85' lang='lat' dir='ltr'><strong>efficere,</strong></span> <span class='ocrx_word' id='word_1_107' title='bbox 1018 2125 1052 2178; x_wconf 91' lang='lat' dir='ltr'><strong>ut</strong></span> <span class='ocrx_word' id='word_1_108' title='bbox 1079 2136 1188 2178; x_wconf 88' lang='lat' dir='ltr'><strong>nornen</strong></span> <span class='ocrx_word' id='word_1_109' title='bbox 1211 2125 1243 2178; x_wconf 88' lang='lat' dir='ltr'><strong>et</strong></span> <span class='ocrx_word' id='word_1_110' title='bbox 1266 2116 1374 2177; x_wconf 88' lang='lat' dir='ltr'><strong>veritas</strong></span> <span class='ocrx_word' id='word_1_111' title='bbox 1407 2116 1462 2177; x_wconf 89' lang='lat' dir='ltr'><strong>Dei</strong></span> <span class='ocrx_word' id='word_1_112' title='bbox 1498 2114 1548 2175; x_wconf 86' lang='lat' dir='ltr'><strong>ali·</strong></span> 
     </span>
     <span class='ocr_line' id='line_1_16' title="bbox 469 2198 1544 2278; baseline 0 -21"><span class='ocrx_word' id='word_1_113' title='bbox 469 2200 587 2276; x_wconf 91' lang='lat' dir='ltr'><strong>quando</strong></span> <span class='ocrx_word' id='word_1_114' title='bbox 606 2198 749 2259; x_wconf 76' lang='lat' dir='ltr'><strong>deserviat</strong></span> <span class='ocrx_word' id='word_1_115' title='bbox 771 2199 891 2260; x_wconf 89' lang='lat' dir='ltr'><strong>consilio</strong></span> <span class='ocrx_word' id='word_1_116' title='bbox 916 2200 1120 2278; x_wconf 70' lang='lat' dir='ltr'><strong>impiorum.»</strong></span> <span class='ocrx_word' id='word_1_117' title='bbox 1147 2201 1220 2275; x_wconf 81' lang='lat' dir='ltr'><strong>Quae</strong></span> <span class='ocrx_word' id='word_1_118' title='bbox 1244 2206 1289 2258; x_wconf 87' lang='lat' dir='ltr'><strong>est</strong></span> <span class='ocrx_word' id='word_1_119' title='bbox 1310 2198 1474 2277; x_wconf 80' lang='lat' dir='ltr'><strong>propositio</strong></span> <span class='ocrx_word' id='word_1_120' title='bbox 1490 2198 1544 2257; x_wconf 83' lang='lat' dir='ltr'><strong>tol</strong></span> 
     </span>
     <span class='ocr_line' id='line_1_17' title="bbox 470 2278 1547 2362; baseline -0.001 -22"><span class='ocrx_word' id='word_1_121' title='bbox 470 2281 606 2340; x_wconf 89' lang='lat' dir='ltr'><strong>damnata</strong></span> <span class='ocrx_word' id='word_1_122' title='bbox 632 2280 666 2341; x_wconf 81' lang='lat' dir='ltr'><strong>io</strong></span> <span class='ocrx_word' id='word_1_123' title='bbox 686 2288 780 2341; x_wconf 82' lang='lat' dir='ltr'><strong>conat.</strong></span> <span class='ocrx_word' id='word_1_124' title='bbox 812 2280 999 2362; x_wconf 77' lang='lat' dir='ltr'><strong>Uoipeaitrae.</strong></span> <span class='ocrx_word' id='word_1_125' title='bbox 1029 2280 1104 2357; x_wconf 88' lang='lat' dir='ltr'><strong>Sed,</strong></span> <span class='ocrx_word' id='word_1_126' title='bbox 1128 2280 1209 2360; x_wconf 87' lang='lat' dir='ltr'><strong>quod</strong></span> <span class='ocrx_word' id='word_1_127' title='bbox 1234 2280 1310 2342; x_wconf 87' lang='lat' dir='ltr'><strong>bene</strong></span> <span class='ocrx_word' id='word_1_128' title='bbox 1332 2278 1547 2340; x_wconf 78' lang='lat' dir='ltr'><strong>animadverte</strong></span> 
     </span>
     <span class='ocr_line' id='line_1_18' title="bbox 469 2358 1544 2445; baseline 0 -26"><span class='ocrx_word' id='word_1_129' title='bbox 469 2370 541 2420; x_wconf 90' lang='lat' dir='ltr'><strong>runt</strong></span> <span class='ocrx_word' id='word_1_130' title='bbox 555 2362 596 2421; x_wconf 90' lang='grc'><strong>40</strong></span> <span class='ocrx_word' id='word_1_131' title='bbox 619 2360 720 2423; x_wconf 83' lang='lat' dir='ltr'><strong>Galliae</strong></span> <span class='ocrx_word' id='word_1_132' title='bbox 739 2363 899 2437; x_wconf 62' lang='lat' dir='ltr'><strong>Praecla,</strong></span> <span class='ocrx_word' id='word_1_133' title='bbox 921 2362 956 2422; x_wconf 80' lang='lat' dir='ltr'><strong>ait</strong></span> <span class='ocrx_word' id='word_1_134' title='bbox 971 2363 1111 2423; x_wconf 79' lang='lat' dir='ltr'><strong>iaatntct.</strong></span> <span class='ocrx_word' id='word_1_135' title='bbox 1126 2358 1273 2445; x_wconf 80' lang='lat' dir='ltr'><strong>pastoral.</strong></span> <span class='ocrx_word' id='word_1_136' title='bbox 1294 2370 1406 2443; x_wconf 81' lang='lat' dir='ltr'><strong>accept.</strong></span> <span class='ocrx_word' id='word_1_137' title='bbox 1426 2359 1544 2423; x_wconf 73' lang='lat' dir='ltr'><strong>martit.</strong></span> 
     </span>
     <span class='ocr_line' id='line_1_19' title="bbox 474 2440 1548 2524; baseline 0.002 -23"><span class='ocrx_word' id='word_1_138' title='bbox 474 2441 663 2524; x_wconf 78' lang='lat' dir='ltr'><strong>Uniqenitua,</strong></span> <span class='ocrx_word' id='word_1_139' title='bbox 680 2460 732 2501; x_wconf 90' lang='lat' dir='ltr'><strong>sua</strong></span> <span class='ocrx_word' id='word_1_140' title='bbox 751 2440 805 2503; x_wconf 86' lang='lat' dir='ltr'><strong>han</strong></span> <span class='ocrx_word' id='word_1_141' title='bbox 823 2442 969 2503; x_wconf 88' lang='lat' dir='ltr'><strong>sententia</strong></span> <span class='ocrx_word' id='word_1_142' title='bbox 983 2444 1157 2519; x_wconf 81' lang='lat' dir='ltr'><strong>Quesnellus</strong></span> <span class='ocrx_word' id='word_1_143' title='bbox 1176 2443 1232 2504; x_wconf 88' lang='lat' dir='ltr'><strong>lroc</strong></span> <span class='ocrx_word' id='word_1_144' title='bbox 1247 2442 1304 2503; x_wconf 88' lang='lat' dir='ltr'><strong>sibi</strong></span> <span class='ocrx_word' id='word_1_145' title='bbox 1324 2461 1417 2503; x_wconf 90' lang='lat' dir='ltr'><strong>unum</strong></span> <span class='ocrx_word' id='word_1_146' title='bbox 1436 2458 1548 2521; x_wconf 82' lang='lat' dir='ltr'><strong>propo-</strong></span> 
     </span>
     <span class='ocr_line' id='line_1_20' title="bbox 470 2522 1548 2603; baseline 0 -19"><span class='ocrx_word' id='word_1_147' title='bbox 470 2524 560 2585; x_wconf 90' lang='lat' dir='ltr'><strong>situm</strong></span> <span class='ocrx_word' id='word_1_148' title='bbox 583 2522 707 2597; x_wconf 86' lang='lat' dir='ltr'><strong>habuit,</strong></span> <span class='ocrx_word' id='word_1_149' title='bbox 729 2530 763 2583; x_wconf 87' lang='lat' dir='ltr'><strong>ut</strong></span> <span class='ocrx_word' id='word_1_150' title='bbox 788 2524 971 2603; x_wconf 81' lang='lat' dir='ltr'><strong>vituperaret</strong></span> <span class='ocrx_word' id='word_1_151' title='bbox 990 2530 1147 2586; x_wconf 87' lang='lat' dir='ltr'><strong>commune</strong></span> <span class='ocrx_word' id='word_1_152' title='bbox 1165 2525 1385 2603; x_wconf 83' lang='lat' dir='ltr'><strong>juramentum,</strong></span> <span class='ocrx_word' id='word_1_153' title='bbox 1405 2522 1489 2601; x_wconf 85' lang='lat' dir='ltr'><strong>quod</strong></span> <span class='ocrx_word' id='word_1_154' title='bbox 1511 2541 1548 2584; x_wconf 84' lang='lat' dir='ltr'><strong>ex</strong></span> 
     </span>
     <span class='ocr_line' id='line_1_21' title="bbox 471 2604 1547 2685; baseline -0.002 -18"><span class='ocrx_word' id='word_1_155' title='bbox 471 2606 596 2667; x_wconf 88' lang='lat' dir='ltr'><strong>iormula</strong></span> <span class='ocrx_word' id='word_1_156' title='bbox 611 2604 769 2667; x_wconf 77' lang='lat' dir='ltr'><strong>Alexandri</strong></span> <span class='ocrx_word' id='word_1_157' title='bbox 783 2607 837 2667; x_wconf 84' lang='lat' dir='ltr'><strong>vti</strong></span> <span class='ocrx_word' id='word_1_158' title='bbox 852 2606 899 2667; x_wconf 86' lang='lat' dir='ltr'><strong>exi</strong></span> <span class='ocrx_word' id='word_1_159' title='bbox 921 2606 996 2680; x_wconf 78' lang='lat' dir='ltr'><strong>tur,</strong></span> <span class='ocrx_word' id='word_1_160' title='bbox 1012 2607 1081 2667; x_wconf 87' lang='lat' dir='ltr'><strong>licet</strong></span> <span class='ocrx_word' id='word_1_161' title='bbox 1098 2606 1235 2685; x_wconf 78' lang='lat' dir='ltr'><strong>deinceps</strong></span> <span class='ocrx_word' id='word_1_162' title='bbox 1248 2606 1312 2685; x_wconf 84' lang='lat' dir='ltr'><strong>ejus</strong></span> <span class='ocrx_word' id='word_1_163' title='bbox 1324 2606 1453 2667; x_wconf 70' lang='lat' dir='ltr'><strong>eoclmire</strong></span> <span class='ocrx_word' id='word_1_164' title='bbox 1470 2604 1547 2666; x_wconf 86' lang='lat' dir='ltr'><strong>hanc</strong></span> 
     </span>
     <span class='ocr_line' id='line_1_22' title="bbox 471 2685 1548 2767; baseline -0.003 -19"><span class='ocrx_word' id='word_1_165' title='bbox 471 2688 646 2748; x_wconf 87' lang='lat' dir='ltr'><strong>seutentiam</strong></span> <span class='ocrx_word' id='word_1_166' title='bbox 665 2686 851 2748; x_wconf 73' lang='lat' dir='ltr'><strong>traduxerint</strong></span> <span class='ocrx_word' id='word_1_167' title='bbox 876 2707 893 2748; x_wconf 91' lang='lat' dir='ltr'><strong>a</strong></span> <span class='ocrx_word' id='word_1_168' title='bbox 938 2688 1038 2748; x_wconf 91' lang='lat' dir='ltr'><strong>omnia</strong></span> <span class='ocrx_word' id='word_1_169' title='bbox 1061 2688 1246 2767; x_wconf 86' lang='lat' dir='ltr'><strong>juramenta,</strong></span> <span class='ocrx_word' id='word_1_170' title='bbox 1275 2706 1342 2766; x_wconf 79' lang='lat' dir='ltr'><strong>quaa</strong></span> <span class='ocrx_word' id='word_1_171' title='bbox 1365 2706 1381 2748; x_wconf 89' lang='lat' dir='ltr'><strong>a</strong></span> <span class='ocrx_word' id='word_1_172' title='bbox 1404 2685 1548 2767; x_wconf 75' lang='lat' dir='ltr'><strong>legitimis</strong></span> 
     </span>
     <span class='ocr_line' id='line_1_23' title="bbox 471 2767 1548 2852; baseline -0.002 -21"><span class='ocrx_word' id='word_1_173' title='bbox 471 2767 664 2849; x_wconf 77' lang='lat' dir='ltr'><strong>potestatibus</strong></span> <span class='ocrx_word' id='word_1_174' title='bbox 680 2770 884 2847; x_wconf 86' lang='lat' dir='ltr'><strong>requiruntur.</strong></span> <span class='ocrx_word' id='word_1_175' title='bbox 901 2772 978 2832; x_wconf 80' lang='lat' dir='ltr'><strong>Ante</strong></span> <span class='ocrx_word' id='word_1_176' title='bbox 991 2771 1181 2846; x_wconf 82' lang='lat' dir='ltr'><strong>Qucanellnm</strong></span> <span class='ocrx_word' id='word_1_177' title='bbox 1196 2770 1359 2852; x_wconf 74' lang='lat' dir='ltr'><strong>pelagiani,</strong></span> <span class='ocrx_word' id='word_1_178' title='bbox 1372 2776 1406 2830; x_wconf 90' lang='lat' dir='ltr'><strong>ut</strong></span> <span class='ocrx_word' id='word_1_179' title='bbox 1421 2774 1548 2830; x_wconf 86' lang='lat' dir='ltr'><strong>testatur</strong></span> 
     </span>
     <span class='ocr_line' id='line_1_24' title="bbox 473 2848 1544 2934; baseline -0.004 -21"><span class='ocrx_word' id='word_1_180' title='bbox 473 2851 654 2932; x_wconf 74' lang='lat' dir='ltr'><strong>Augustinus</strong></span> <span class='ocrx_word' id='word_1_181' title='bbox 668 2851 754 2933; x_wconf 81' lang='lat' dir='ltr'><strong>epist.</strong></span> <span class='ocrx_word' id='word_1_182' title='bbox 782 2851 840 2913; x_wconf 79' lang='lat'><strong>15⁷</strong></span> <span class='ocrx_word' id='word_1_183' title='bbox 855 2869 940 2913; x_wconf 84' lang='lat' dir='ltr'><strong>uum.</strong></span> <span class='ocrx_word' id='word_1_184' title='bbox 961 2853 1002 2912; x_wconf 90' lang='grc'><strong>46</strong></span> <span class='ocrx_word' id='word_1_185' title='bbox 1019 2859 1048 2913; x_wconf 86' lang='lat' dir='ltr'><strong>et</strong></span> <span class='ocrx_word' id='word_1_186' title='bbox 1064 2853 1101 2913; x_wconf 79' lang='lat' dir='ltr'><strong>tl</strong></span> <span class='ocrx_word' id='word_1_187' title='bbox 1118 2871 1186 2934; x_wconf 86' lang='lat' dir='ltr'><strong>opp.</strong></span> <span class='ocrx_word' id='word_1_188' title='bbox 1208 2859 1281 2914; x_wconf 85' lang='lat' dir='ltr'><strong>tom.</strong></span> <span class='ocrx_word' id='word_1_189' title='bbox 1303 2855 1323 2912; x_wconf 78' lang='lat'><em>2</em></span> <span class='ocrx_word' id='word_1_190' title='bbox 1348 2849 1404 2914; x_wconf 84' lang='lat' dir='ltr'><strong>eol.</strong></span> <span class='ocrx_word' id='word_1_191' title='bbox 1420 2852 1482 2912; x_wconf 77' lang='lat' dir='ltr'><strong>tta</strong></span> <span class='ocrx_word' id='word_1_192' title='bbox 1497 2848 1544 2911; x_wconf 89' lang='lat' dir='ltr'><strong>ed.</strong></span> 
     </span>
     <span class='ocr_line' id='line_1_25' title="bbox 476 2932 1545 3016; baseline -0.001 -22"><span class='ocrx_word' id='word_1_193' title='bbox 476 2935 576 2996; x_wconf 79' lang='lat' dir='ltr'><strong>Vertat.</strong></span> <span class='ocrx_word' id='word_1_194' title='bbox 594 2932 656 3010; x_wconf 78' lang='lat' dir='ltr'><strong>cit,</strong></span> <span class='ocrx_word' id='word_1_195' title='bbox 673 2950 828 2994; x_wconf 89' lang='lat' dir='ltr'><strong>commune</strong></span> <span class='ocrx_word' id='word_1_196' title='bbox 837 2933 1047 3013; x_wconf 77' lang='lat' dir='ltr'><strong>jusjurandum</strong></span> <span class='ocrx_word' id='word_1_197' title='bbox 1060 2934 1277 3016; x_wconf 71' lang='lat' dir='ltr'><strong>improbarunt.</strong></span> <span class='ocrx_word' id='word_1_198' title='bbox 1294 2935 1432 2994; x_wconf 80' lang='lat' dir='ltr'><strong>Errorem</strong></span> <span class='ocrx_word' id='word_1_199' title='bbox 1449 2932 1545 3008; x_wconf 86' lang='lat' dir='ltr'><strong>hunc,</strong></span> 
     </span>
     <span class='ocr_line' id='line_1_26' title="bbox 472 3014 1551 3093; baseline -0.001 -18"><span class='ocrx_word' id='word_1_200' title='bbox 472 3017 519 3075; x_wconf 90' lang='lat' dir='ltr'><strong>cui</strong></span> <span class='ocrx_word' id='word_1_201' title='bbox 542 3031 621 3075; x_wconf 91' lang='lat' dir='ltr'><strong>nunc</strong></span> <span class='ocrx_word' id='word_1_202' title='bbox 643 3014 798 3075; x_wconf 81' lang='lat' dir='ltr'><strong>adhaerent</strong></span> <span class='ocrx_word' id='word_1_203' title='bbox 818 3015 957 3093; x_wconf 90' lang='lat' dir='ltr'><strong>quisunt</strong></span> <span class='ocrx_word' id='word_1_204' title='bbox 983 3015 1021 3075; x_wconf 89' lang='lat' dir='ltr'><strong>de</strong></span> <span class='ocrx_word' id='word_1_205' title='bbox 1044 3023 1121 3076; x_wconf 88' lang='lat' dir='ltr'><strong>secta</strong></span> <span class='ocrx_word' id='word_1_206' title='bbox 1146 3015 1345 3093; x_wconf 85' lang='lat' dir='ltr'><strong>quakerorum</strong></span> <span class='ocrx_word' id='word_1_207' title='bbox 1366 3023 1396 3075; x_wconf 92' lang='lat' dir='ltr'><strong>et</strong></span> <span class='ocrx_word' id='word_1_208' title='bbox 1419 3014 1551 3091; x_wconf 85' lang='lat' dir='ltr'><strong>anabap-</strong></span> 
     </span>
     <span class='ocr_line' id='line_1_27' title="bbox 474 3096 1545 3177; baseline -0.005 -21"><span class='ocrx_word' id='word_1_209' title='bbox 474 3099 627 3171; x_wconf 88' lang='lat' dir='ltr'><strong>tistarum‚</strong></span> <span class='ocrx_word' id='word_1_210' title='bbox 647 3097 833 3177; x_wconf 85' lang='lat' dir='ltr'><strong>integrarunt</strong></span> <span class='ocrx_word' id='word_1_211' title='bbox 848 3096 965 3160; x_wconf 86' lang='lat' dir='ltr'><strong>Cathari</strong></span> <span class='ocrx_word' id='word_1_212' title='bbox 984 3106 1014 3156; x_wconf 89' lang='lat' dir='ltr'><strong>et</strong></span> <span class='ocrx_word' id='word_1_213' title='bbox 1031 3097 1207 3172; x_wconf 80' lang='lat' dir='ltr'><strong>valdenses,</strong></span> <span class='ocrx_word' id='word_1_214' title='bbox 1225 3114 1299 3175; x_wconf 90' lang='lat' dir='ltr'><strong>quos</strong></span> <span class='ocrx_word' id='word_1_215' title='bbox 1313 3097 1454 3156; x_wconf 60' lang='lat' dir='ltr'><strong>ructavit</strong></span> <span class='ocrx_word' id='word_1_216' title='bbox 1469 3099 1545 3157; x_wconf 78' lang='lat' dir='ltr'><strong>Ven.</strong></span> 
     </span>
     <span class='ocr_line' id='line_1_28' title="bbox 473 3173 1547 3258; baseline -0.001 -19"><span class='ocrx_word' id='word_1_217' title='bbox 473 3181 589 3239; x_wconf 78' lang='lat' dir='ltr'><strong>Moneta</strong></span> <span class='ocrx_word' id='word_1_218' title='bbox 613 3178 752 3257; x_wconf 79' lang='lat' dir='ltr'><strong>peculiari</strong></span> <span class='ocrx_word' id='word_1_219' title='bbox 776 3195 865 3258; x_wconf 90' lang='lat' dir='ltr'><strong>opere</strong></span> <span class='ocrx_word' id='word_1_220' title='bbox 881 3175 1024 3239; x_wconf 81' lang='lat' dir='ltr'><strong>aduersus</strong></span> <span class='ocrx_word' id='word_1_221' title='bbox 1047 3175 1191 3240; x_wconf 78' lang='lat' dir='ltr'><strong>Cctdcroa</strong></span> <span class='ocrx_word' id='word_1_222' title='bbox 1211 3186 1240 3239; x_wconf 87' lang='lat' dir='ltr'><strong>et</strong></span> <span class='ocrx_word' id='word_1_223' title='bbox 1267 3175 1429 3239; x_wconf 76' lang='lat' dir='ltr'><strong>Voldeneea</strong></span> <span class='ocrx_word' id='word_1_224' title='bbox 1453 3173 1508 3238; x_wconf 74' lang='lat' dir='ltr'><strong>tit.</strong></span> <span class='ocrx_word' id='word_1_225' title='bbox 1530 3178 1547 3238; x_wconf 83' lang='grc'><strong>6</strong></span> 
     </span>
     <span class='ocr_line' id='line_1_29' title="bbox 474 3258 1547 3344; baseline -0.002 -25"><span class='ocrx_word' id='word_1_226' title='bbox 474 3278 540 3340; x_wconf 85' lang='lat' dir='ltr'><strong>cap.</strong></span> <span class='ocrx_word' id='word_1_227' title='bbox 558 3261 577 3319; x_wconf 82' lang='grc'><strong>9</strong></span> <span class='ocrx_word' id='word_1_228' title='bbox 590 3277 661 3341; x_wconf 75' lang='lat' dir='ltr'><strong>pop.</strong></span> <span class='ocrx_word' id='word_1_229' title='bbox 676 3263 738 3320; x_wconf 75' lang='grc'><strong>466</strong></span> <span class='ocrx_word' id='word_1_230' title='bbox 752 3266 781 3321; x_wconf 85' lang='lat' dir='ltr'><strong>et</strong></span> <span class='ocrx_word' id='word_1_231' title='bbox 792 3277 852 3344; x_wconf 82' lang='lat' dir='ltr'><strong>seq.</strong></span> <span class='ocrx_word' id='word_1_232' title='bbox 868 3258 915 3320; x_wconf 84' lang='lat' dir='ltr'><strong>ed.</strong></span> <span class='ocrx_word' id='word_1_233' title='bbox 936 3261 1022 3321; x_wconf 84' lang='lat' dir='ltr'><strong>Rom.</strong></span> <span class='ocrx_word' id='word_1_234' title='bbox 1040 3261 1141 3320; x_wconf 71' lang='lat'><strong>1745:</strong></span> <span class='ocrx_word' id='word_1_235' title='bbox 1157 3261 1189 3320; x_wconf 93' lang='lat' dir='ltr'><strong>in</strong></span> <span class='ocrx_word' id='word_1_236' title='bbox 1205 3258 1319 3340; x_wconf 86' lang='lat' dir='ltr'><strong>synodo</strong></span> <span class='ocrx_word' id='word_1_237' title='bbox 1331 3258 1547 3321; x_wconf 84' lang='lat' dir='ltr'><strong>constantiensi</strong></span> 
     </span>
    </p>
   </div>
   <div class='ocr_carea' id='block_1_7' title="bbox 475 3326 1671 3404">
    <p class='ocr_par' dir='ltr' id='par_1_7' title="bbox 475 3326 1671 3404">
     <span class='ocr_line' id='line_1_30' title="bbox 475 3326 1671 3404; baseline 0.001 -5"><span class='ocrx_word' id='word_1_238' title='bbox 475 3341 630 3400; x_wconf 87' lang='lat' dir='ltr'><strong>damnatus</strong></span> <span class='ocrx_word' id='word_1_239' title='bbox 649 3340 698 3400; x_wconf 83' lang='lat' dir='ltr'><strong>liic</strong></span> <span class='ocrx_word' id='word_1_240' title='bbox 722 3358 806 3401; x_wconf 90' lang='lat' dir='ltr'><strong>error</strong></span> <span class='ocrx_word' id='word_1_241' title='bbox 828 3341 945 3404; x_wconf 87' lang='lat' dir='ltr'><strong>Wicleti</strong></span> <span class='ocrx_word' id='word_1_242' title='bbox 963 3349 1008 3401; x_wconf 89' lang='lat' dir='ltr'><strong>est</strong></span> <span class='ocrx_word' id='word_1_243' title='bbox 1024 3359 1096 3403; x_wconf 81' lang='lat' dir='ltr'><strong>sese.</strong></span> <span class='ocrx_word' id='word_1_244' title='bbox 1120 3345 1219 3403; x_wconf 77' lang='lat' dir='ltr'><strong>liert.</strong></span> <span class='ocrx_word' id='word_1_245' title='bbox 1241 3342 1281 3401; x_wconf 77' lang='grc'><strong>45</strong></span> <span class='ocrx_word' id='word_1_246' title='bbox 1300 3349 1372 3401; x_wconf 68' lang='lat' dir='ltr'><strong>toria</strong></span> <span class='ocrx_word' id='word_1_247' title='bbox 1398 3337 1545 3401; x_wconf 66' lang='lat' dir='ltr'><strong>cenet.</strong></span> <span class='ocrx_word' id='word_1_248' title='bbox 1669 3326 1671 3345; x_wconf 64' lang='lat'>⁴</span> 
     </span>
    </p>
   </div>
   <div class='ocr_carea' id='block_1_8' title="bbox 475 3417 1549 3565">
    <p class='ocr_par' dir='ltr' id='par_1_8' title="bbox 475 3417 1549 3565">
     <span class='ocr_line' id='line_1_31' title="bbox 476 3417 1549 3502; baseline 0 -22"><span class='ocrx_word' id='word_1_249' title='bbox 476 3418 531 3481; x_wconf 87' lang='lat' dir='ltr'><strong>col.</strong></span> <span class='ocrx_word' id='word_1_250' title='bbox 549 3420 610 3479; x_wconf 80' lang='grc'><strong>966</strong></span> <span class='ocrx_word' id='word_1_251' title='bbox 627 3417 737 3482; x_wconf 84' lang='lat' dir='ltr'><strong>collect.</strong></span> <span class='ocrx_word' id='word_1_252' title='bbox 760 3421 878 3483; x_wconf 75' lang='lat' dir='ltr'><strong>labbei.</strong></span> <span class='ocrx_word' id='word_1_253' title='bbox 900 3448 914 3477; x_wconf 76' lang='lat' dir='ltr'><strong>s</strong></span> <span class='ocrx_word' id='word_1_254' title='bbox 933 3424 1105 3485; x_wconf 78' lang='lat' dir='ltr'><strong>iuramenta</strong></span> <span class='ocrx_word' id='word_1_255' title='bbox 1120 3420 1221 3483; x_wconf 92' lang='lat' dir='ltr'><strong>illicita</strong></span> <span class='ocrx_word' id='word_1_256' title='bbox 1235 3430 1321 3497; x_wconf 86' lang='lat' dir='ltr'><strong>sunt,</strong></span> <span class='ocrx_word' id='word_1_257' title='bbox 1340 3441 1406 3502; x_wconf 83' lang='lat' dir='ltr'><strong>quae</strong></span> <span class='ocrx_word' id='word_1_258' title='bbox 1419 3421 1500 3482; x_wconf 89' lang='lat' dir='ltr'><strong>liunt</strong></span> <span class='ocrx_word' id='word_1_259' title='bbox 1511 3419 1549 3480; x_wconf 91' lang='lat' dir='ltr'><strong>ad</strong></span> 
     </span>
     <span class='ocr_line' id='line_1_32' title="bbox 475 3499 1548 3565; baseline 0.002 -5"><span class='ocrx_word' id='word_1_260' title='bbox 475 3499 655 3562; x_wconf 88' lang='lat' dir='ltr'><strong>roborandos</strong></span> <span class='ocrx_word' id='word_1_261' title='bbox 668 3500 812 3563; x_wconf 87' lang='lat' dir='ltr'><strong>humanos</strong></span> <span class='ocrx_word' id='word_1_262' title='bbox 825 3512 990 3565; x_wconf 88' lang='lat' dir='ltr'><strong>contractus</strong></span> <span class='ocrx_word' id='word_1_263' title='bbox 1003 3512 1034 3563; x_wconf 90' lang='lat' dir='ltr'><strong>et</strong></span> <span class='ocrx_word' id='word_1_264' title='bbox 1048 3505 1221 3564; x_wconf 86' lang='lat' dir='ltr'><strong>commercia</strong></span> <span class='ocrx_word' id='word_1_265' title='bbox 1234 3503 1340 3564; x_wconf 84' lang='lat' dir='ltr'><strong>civilia.</strong></span> <span class='ocrx_word' id='word_1_266' title='bbox 1352 3529 1366 3558; x_wconf 74' lang='grc' dir='ltr'><strong>ι</strong></span> <span class='ocrx_word' id='word_1_267' title='bbox 1385 3507 1436 3564; x_wconf 82' lang='lat' dir='ltr'><strong>list</strong></span> <span class='ocrx_word' id='word_1_268' title='bbox 1448 3512 1548 3563; x_wconf 90' lang='lat' dir='ltr'><strong>antem</strong></span> 
     </span>
    </p>
   </div>
   <div class='ocr_carea' id='block_1_9' title="bbox 476 3581 1671 3681">
    <p class='ocr_par' dir='ltr' id='par_1_9' title="bbox 476 3578 1671 3681">
     <span class='ocr_line' id='line_1_33' title="bbox 476 3581 1671 3681; baseline -0.003 -39"><span class='ocrx_word' id='word_1_269' title='bbox 476 3581 702 3661; x_wconf 85' lang='lat' dir='ltr'><strong>distinguenda,</strong></span> <span class='ocrx_word' id='word_1_270' title='bbox 725 3582 807 3661; x_wconf 86' lang='lat' dir='ltr'><strong>quod</strong></span> <span class='ocrx_word' id='word_1_271' title='bbox 824 3602 980 3663; x_wconf 88' lang='lat' dir='ltr'><strong>perperam</strong></span> <span class='ocrx_word' id='word_1_272' title='bbox 996 3585 1087 3664; x_wconf 77' lang='lat' dir='ltr'><strong>aliqui</strong></span> <span class='ocrx_word' id='word_1_273' title='bbox 1109 3603 1170 3645; x_wconf 89' lang='lat' dir='ltr'><strong>non</strong></span> <span class='ocrx_word' id='word_1_274' title='bbox 1184 3586 1309 3662; x_wconf 84' lang='lat' dir='ltr'><strong>iaciunt,</strong></span> <span class='ocrx_word' id='word_1_275' title='bbox 1328 3584 1474 3646; x_wconf 82' lang='lat' dir='ltr'><strong>invooatio</strong></span> <span class='ocrx_word' id='word_1_276' title='bbox 1495 3585 1547 3646; x_wconf 83' lang='lat' dir='ltr'><strong>Dei</strong></span> <span class='ocrx_word' id='word_1_277' title='bbox 1669 3616 1671 3681; x_wconf 43' lang='grc' dir='ltr'><em>ᾗ</em></span> 
     </span>
    </p>
   </div>
   <div class='ocr_carea' id='block_1_10' title="bbox 476 3663 1547 3745">
    <p class='ocr_par' dir='ltr' id='par_1_10' title="bbox 476 3663 1547 3745">
     <span class='ocr_line' id='line_1_34' title="bbox 476 3663 1547 3745; baseline -0.001 -20"><span class='ocrx_word' id='word_1_278' title='bbox 476 3667 506 3725; x_wconf 91' lang='lat' dir='ltr'><strong>in</strong></span> <span class='ocrx_word' id='word_1_279' title='bbox 529 3670 633 3724; x_wconf 89' lang='lat' dir='ltr'><strong>testem</strong></span> <span class='ocrx_word' id='word_1_280' title='bbox 651 3663 689 3723; x_wconf 89' lang='lat' dir='ltr'><strong>ab</strong></span> <span class='ocrx_word' id='word_1_281' title='bbox 709 3664 918 3742; x_wconf 85' lang='lat' dir='ltr'><strong>imprecatione</strong></span> <span class='ocrx_word' id='word_1_282' title='bbox 936 3685 989 3726; x_wconf 90' lang='lat' dir='ltr'><strong>seu</strong></span> <span class='ocrx_word' id='word_1_283' title='bbox 1006 3667 1207 3743; x_wconf 83' lang='lat' dir='ltr'><strong>execratione,</strong></span> <span class='ocrx_word' id='word_1_284' title='bbox 1233 3685 1289 3745; x_wconf 87' lang='lat' dir='ltr'><strong>qua</strong></span> <span class='ocrx_word' id='word_1_285' title='bbox 1311 3667 1367 3727; x_wconf 89' lang='lat' dir='ltr'><strong>sibi</strong></span> <span class='ocrx_word' id='word_1_286' title='bbox 1381 3666 1502 3744; x_wconf 87' lang='lat' dir='ltr'><strong>jurans,</strong></span> <span class='ocrx_word' id='word_1_287' title='bbox 1524 3665 1547 3724; x_wconf 92' lang='lat' dir='ltr'><strong>si</strong></span> 
     </span>
    </p>
   </div>
   <div class='ocr_carea' id='block_1_11' title="bbox 476 3745 1671 3994">
    <p class='ocr_par' dir='ltr' id='par_1_11' title="bbox 476 3745 1671 3994">
     <span class='ocr_line' id='line_1_35' title="bbox 476 3745 1671 3826; baseline 0.001 -20"><span class='ocrx_word' id='word_1_288' title='bbox 476 3745 572 3820; x_wconf 87' lang='lat' dir='ltr'><strong>lailot,</strong></span> <span class='ocrx_word' id='word_1_289' title='bbox 591 3745 784 3822; x_wconf 88' lang='lat' dir='ltr'><strong>imprecatur,</strong></span> <span class='ocrx_word' id='word_1_290' title='bbox 808 3753 841 3804; x_wconf 86' lang='lat' dir='ltr'><strong>ut</strong></span> <span class='ocrx_word' id='word_1_291' title='bbox 859 3745 916 3807; x_wconf 88' lang='lat' dir='ltr'><strong>sibi</strong></span> <span class='ocrx_word' id='word_1_292' title='bbox 931 3765 979 3806; x_wconf 83' lang='lat' dir='ltr'><strong>ex.</strong></span> <span class='ocrx_word' id='word_1_293' title='bbox 997 3767 1043 3826; x_wconf 88' lang='lat' dir='ltr'><strong>gr.</strong></span> <span class='ocrx_word' id='word_1_294' title='bbox 1063 3753 1143 3809; x_wconf 88' lang='lat' dir='ltr'><strong>Deus</strong></span> <span class='ocrx_word' id='word_1_295' title='bbox 1155 3748 1247 3808; x_wconf 80' lang='lat' dir='ltr'><strong>iratus</strong></span> <span class='ocrx_word' id='word_1_296' title='bbox 1266 3749 1315 3807; x_wconf 89' lang='lat' dir='ltr'><strong>sit.</strong></span> <span class='ocrx_word' id='word_1_297' title='bbox 1338 3752 1415 3811; x_wconf 90' lang='lat' dir='ltr'><strong>Sane</strong></span> <span class='ocrx_word' id='word_1_298' title='bbox 1435 3755 1548 3807; x_wconf 78' lang='lat' dir='ltr'><strong>utrum</strong></span> <span class='ocrx_word' id='word_1_299' title='bbox 1669 3797 1671 3824; x_wconf 40' lang='grc' dir='ltr'>Ι</span> 
     </span>
     <span class='ocr_line' id='line_1_36' title="bbox 476 3824 1671 3908; baseline -0.002 -20"><span class='ocrx_word' id='word_1_300' title='bbox 476 3845 534 3908; x_wconf 87' lang='lat' dir='ltr'><strong>que</strong></span> <span class='ocrx_word' id='word_1_301' title='bbox 548 3843 611 3887; x_wconf 88' lang='lat' dir='ltr'><strong>esse</strong></span> <span class='ocrx_word' id='word_1_302' title='bbox 629 3824 871 3906; x_wconf 86' lang='lat' dir='ltr'><strong>distinguendum</strong></span> <span class='ocrx_word' id='word_1_303' title='bbox 885 3834 996 3889; x_wconf 90' lang='lat' dir='ltr'><strong>constat</strong></span> <span class='ocrx_word' id='word_1_304' title='bbox 1010 3847 1047 3888; x_wconf 84' lang='lat' dir='ltr'><strong>ex</strong></span> <span class='ocrx_word' id='word_1_305' title='bbox 1057 3829 1219 3907; x_wconf 84' lang='lat' dir='ltr'><strong>juramenti</strong></span> <span class='ocrx_word' id='word_1_306' title='bbox 1232 3829 1357 3890; x_wconf 82' lang='lat' dir='ltr'><strong>formula</strong></span> <span class='ocrx_word' id='word_1_307' title='bbox 1371 3848 1437 3908; x_wconf 81' lang='lat' dir='ltr'><strong>que</strong></span> <span class='ocrx_word' id='word_1_308' title='bbox 1454 3835 1549 3888; x_wconf 83' lang='lat' dir='ltr'><strong>exstat</strong></span> <span class='ocrx_word' id='word_1_309' title='bbox 1669 3827 1671 3898; x_wconf 75' lang='grc' dir='ltr'>ξ</span> 
     </span>
     <span class='ocr_line' id='line_1_37' title="bbox 476 3900 1671 3994; baseline 0 -24"><span class='ocrx_word' id='word_1_310' title='bbox 476 3908 556 3990; x_wconf 84' lang='lat' dir='ltr'><strong>apud</strong></span> <span class='ocrx_word' id='word_1_311' title='bbox 566 3909 702 3969; x_wconf 88' lang='lat' dir='ltr'><strong>Plautum</strong></span> <span class='ocrx_word' id='word_1_312' title='bbox 716 3908 750 3968; x_wconf 83' lang='lat' dir='ltr'><strong>io</strong></span> <span class='ocrx_word' id='word_1_313' title='bbox 767 3905 887 3970; x_wconf 83' lang='lat' dir='ltr'><strong>rudent.</strong></span> <span class='ocrx_word' id='word_1_314' title='bbox 904 3916 963 3970; x_wconf 86' lang='lat' dir='ltr'><strong>oct.</strong></span> <span class='ocrx_word' id='word_1_315' title='bbox 979 3911 1088 3972; x_wconf 72' lang='lat' dir='ltr'><strong>decen.</strong></span> <span class='ocrx_word' id='word_1_316' title='bbox 1103 3929 1182 3972; x_wconf 84' lang='lat' dir='ltr'><strong>vera.</strong></span> <span class='ocrx_word' id='word_1_317' title='bbox 1199 3913 1233 3972; x_wconf 81' lang='lat' dir='ltr'><strong>tii</strong></span> <span class='ocrx_word' id='word_1_318' title='bbox 1258 3919 1288 3970; x_wconf 88' lang='lat' dir='ltr'><strong>et</strong></span> <span class='ocrx_word' id='word_1_319' title='bbox 1303 3929 1364 3994; x_wconf 80' lang='lat' dir='ltr'><strong>seg.</strong></span> <span class='ocrx_word' id='word_1_320' title='bbox 1375 3929 1449 3993; x_wconf 70' lang='lat' dir='ltr'><strong>pop.</strong></span> <span class='ocrx_word' id='word_1_321' title='bbox 1468 3911 1548 3971; x_wconf 72' lang='lat' dir='ltr'><strong>tuat</strong></span> <span class='ocrx_word' id='word_1_322' title='bbox 1669 3900 1671 3977; x_wconf 80' lang='grc' dir='ltr'>Ξ</span> 
     </span>
    </p>
   </div>
   <div class='ocr_carea' id='block_1_12' title="bbox 476 3980 1671 4237">
    <p class='ocr_par' dir='ltr' id='par_1_12' title="bbox 476 3980 1671 4237">
     <span class='ocr_line' id='line_1_38' title="bbox 476 3980 1671 4073; baseline -0.001 -19"><span class='ocrx_word' id='word_1_323' title='bbox 476 3991 547 4055; x_wconf 81' lang='lat' dir='ltr'><strong>edit.</strong></span> <span class='ocrx_word' id='word_1_324' title='bbox 565 3987 708 4073; x_wconf 75' lang='lat' dir='ltr'><strong>lugduni</strong></span> <span class='ocrx_word' id='word_1_325' title='bbox 719 3993 830 4052; x_wconf 82' lang='lat' dir='ltr'><strong>Batou.</strong></span> <span class='ocrx_word' id='word_1_326' title='bbox 844 3992 939 4068; x_wconf 81' lang='grc'><strong>4669,</strong></span> <span class='ocrx_word' id='word_1_327' title='bbox 959 3999 989 4051; x_wconf 86' lang='lat' dir='ltr'><strong>at</strong></span> <span class='ocrx_word' id='word_1_328' title='bbox 1010 4010 1047 4052; x_wconf 91' lang='lat' dir='ltr'><strong>ue</strong></span> <span class='ocrx_word' id='word_1_329' title='bbox 1058 4010 1095 4053; x_wconf 84' lang='lat' dir='ltr'><strong>ex</strong></span> <span class='ocrx_word' id='word_1_330' title='bbox 1113 3993 1177 4053; x_wconf 89' lang='lat' dir='ltr'><strong>aliis</strong></span> <span class='ocrx_word' id='word_1_331' title='bbox 1199 3991 1334 4052; x_wconf 82' lang='lat' dir='ltr'><strong>formulis</strong></span> <span class='ocrx_word' id='word_1_332' title='bbox 1347 4011 1420 4070; x_wconf 88' lang='lat' dir='ltr'><strong>quos</strong></span> <span class='ocrx_word' id='word_1_333' title='bbox 1431 3991 1549 4072; x_wconf 73' lang='lat' dir='ltr'><strong>collegit</strong></span> <span class='ocrx_word' id='word_1_334' title='bbox 1669 3980 1671 4053; x_wconf 78' lang='lat' dir='ltr'><strong>l</strong></span> 
     </span>
     <span class='ocr_line' id='line_1_39' title="bbox 478 4010 1009 4136; baseline -0.004 0"><span class='ocrx_word' id='word_1_335' title='bbox 478 4073 623 4136; x_wconf 88' lang='lat' dir='ltr'><strong>Barnabas</strong></span> <span class='ocrx_word' id='word_1_336' title='bbox 647 4072 811 4134; x_wconf 89' lang='lat' dir='ltr'><strong>Brissonius</strong></span> <span class='ocrx_word' id='word_1_337' title='bbox 834 4070 869 4134; x_wconf 84' lang='lat' dir='ltr'><strong>de</strong></span> <span class='ocrx_word' id='word_1_338' title='bbox 942 4010 1009 4135; x_wconf 78' lang='lat' dir='ltr'><strong>mol</strong></span> 
     </span>
     <span class='ocr_line' id='line_1_40' title="bbox 477 4151 1548 4237; baseline 0.002 -25"><span class='ocrx_word' id='word_1_339' title='bbox 477 4152 591 4237; x_wconf 81' lang='lat' dir='ltr'><strong>republ.</strong></span> <span class='ocrx_word' id='word_1_340' title='bbox 611 4151 797 4232; x_wconf 74' lang='lat' dir='ltr'><strong>Atheniens,</strong></span> <span class='ocrx_word' id='word_1_341' title='bbox 821 4155 871 4216; x_wconf 90' lang='lat' dir='ltr'><strong>ubi</strong></span> <span class='ocrx_word' id='word_1_342' title='bbox 891 4156 1019 4215; x_wconf 79' lang='lat' dir='ltr'><strong>retertur</strong></span> <span class='ocrx_word' id='word_1_343' title='bbox 1035 4155 1261 4236; x_wconf 70' lang='lat' dir='ltr'><strong>jusjurandum,</strong></span> <span class='ocrx_word' id='word_1_344' title='bbox 1284 4173 1343 4233; x_wconf 90' lang='lat' dir='ltr'><strong>quo</strong></span> <span class='ocrx_word' id='word_1_345' title='bbox 1360 4172 1392 4215; x_wconf 88' lang='lat' dir='ltr'><strong>se</strong></span> <span class='ocrx_word' id='word_1_346' title='bbox 1413 4155 1548 4216; x_wconf 76' lang='lat' dir='ltr'><strong>ileliastre</strong></span> 
     </span>
    </p>
   </div>
   <div class='ocr_carea' id='block_1_13' title="bbox 1007 4058 1671 4154">
    <p class='ocr_par' dir='ltr' id='par_1_13' title="bbox 1007 4058 1671 4158">
     <span class='ocr_line' id='line_1_41' title="bbox 1007 4058 1671 4154; baseline -0.005 -17"><span class='ocrx_word' id='word_1_347' title='bbox 1007 4075 1043 4137; x_wconf 82' lang='lat' dir='ltr'><strong>ia.</strong></span> <span class='ocrx_word' id='word_1_348' title='bbox 1064 4074 1190 4136; x_wconf 84' lang='lat' dir='ltr'><strong>Consule</strong></span> <span class='ocrx_word' id='word_1_349' title='bbox 1216 4073 1368 4154; x_wconf 86' lang='lat' dir='ltr'><strong>sigonium</strong></span> <span class='ocrx_word' id='word_1_350' title='bbox 1394 4069 1446 4133; x_wconf 70' lang='lat' dir='ltr'><strong>tat.</strong></span> <span class='ocrx_word' id='word_1_351' title='bbox 1475 4077 1495 4134; x_wconf 74' lang='lat'>5</span> <span class='ocrx_word' id='word_1_352' title='bbox 1513 4071 1548 4134; x_wconf 85' lang='lat' dir='ltr'><strong>de</strong></span> <span class='ocrx_word' id='word_1_353' title='bbox 1669 4058 1671 4135; x_wconf 69' lang='grc' dir='ltr'>ἶ</span> 
     </span>
    </p>
   </div>
   <div class='ocr_carea' id='block_1_14' title="bbox 477 4232 1670 4320">
    <p class='ocr_par' dir='ltr' id='par_1_14' title="bbox 477 4232 1670 4320">
     <span class='ocr_line' id='line_1_42' title="bbox 477 4232 1670 4320; baseline 0 -25"><span class='ocrx_word' id='word_1_354' title='bbox 477 4235 1548 4320; x_wconf 60' lang='lat' dir='ltr'><strong>Atheniensiumjudicesobstringebant.PulchreSz&#39;ihom.dupteajus·</strong></span> <span class='ocrx_word' id='word_1_355' title='bbox 1669 4232 1670 4261; x_wconf 71' lang='lat'>³</span> 
     </span>
    </p>
   </div>
   <div class='ocr_carea' id='block_1_15' title="bbox 0 0 1806 5625">
    <p class='ocr_par' dir='ltr' id='par_1_15' title="bbox 0 0 1806 5625">
     <span class='ocr_line' id='line_1_43' title="bbox 0 0 1806 5625; baseline 0 0"><span class='ocrx_word' id='word_1_356' title='bbox 0 0 1806 5625; x_wconf 95' lang='lat' dir='ltr'><strong> </strong></span> 
     </span>
    </p>
   </div>
  </div>
 </body>
</html>
