3575 5625
601 687 823 758 -255-

197 835 331 917 privilegia
360 833 543 916 singulorum
567 853 627 895 non
650 835 763 914 possint
786 837 881 916 legem
906 837 1001 899 lacere
1018 857 1215 904 communem.
1232 868 1245 895 a

194 917 374 1060 {salomo
387 917 589 1062 ¹Aqlgrgrndrum
603 912 674 980 liat.
690 915 789 980 aenea
815 921 917 980 laceo.
942 937 1009 1001 cap.
1029 923 1043 981 l
1069 929 1092 983 t.
1114 925 1249 1006 512qu

234 1176 261 1276 l.
289 1177 344 1250 lv.
374 1179 523 1252 Deterior
560 1195 610 1250 est
644 1177 799 1251 divinatio
834 1205 897 1278 per
939 1177 1129 1276 explicitum
1174 1207 1256 1278 pac-

193 1289 255 1344 tum
284 1302 358 1347 cnm
388 1293 518 1364 satana3
546 1279 702 1348 nimirum
736 1303 811 1348 cum
847 1281 918 1375 ipse
949 1293 1075 1348 satanas
1102 1275 1159 1348 dat
1187 1303 1256 1350 res-

193 1395 280 1466 ponsa
326 1377 509 1447 consulenti
550 1391 607 1447 aut
649 1400 709 1472 per
747 1379 905 1474 imagines
947 1391 981 1446 et
1030 1374 1137 1465 idola,
1182 1401 1257 1474 quae

192 1473 325 1544 oraculo
358 1472 570 1561 dicebantur3
617 1487 674 1545 aut
711 1498 772 1572 per
808 1499 882 1547 suos
919 1489 1027 1563 vates,
1073 1497 1157 1570 quoa
1191 1499 1260 1572 py-

193 1565 297 1642 thones
332 1588 389 1643 aut
414 1571 640 1670 pythonicam
677 1571 854 1664 vocabant,
895 1568 958 1643 hoc
994 1586 1045 1640 est
1079 1573 1176 1666 genio
1205 1571 1259 1642 sa-

192 1663 317 1757 miliari,
356 1671 421 1740 sire
456 1669 575 1767 spiritu
611 1665 743 1739 latidico
775 1674 934 1769 agitatos3
981 1682 1039 1738 aut
1076 1693 1137 1764 per
1179 1695 1261 1742 som·

191 1762 256 1851 nia,
295 1767 386 1862 quod
410 1766 619 1864 appellabant
644 1799 908 1859 aestimassem,
931 1763 994 1840 hoe
1018 1779 1068 1836 est
1089 1771 1262 1838 valt'oina·

189 1862 309 1934 leonem
353 1890 420 1962 per
461 1870 599 1936 commu
607 1892 624 1952 ,¹
672 1880 728 1937 aut
767 1893 826 1964 per
873 1880 1000 1957 spectra
1045 1877 1080 1932 et
1121 1865 1259 1936 visiones

189 1973 412 2050 mortuorum,
443 1959 534 2055 quod
562 1965 695 2060 proprie
719 1963 873 2036 dicebant
909 1971 1164 2051 νεκρομαντεὶαν,
1200 1962 1264 2034 hoo

188 2069 230 2122 est
258 2061 572 2146 vaticinationem,
611 2083 686 2156 qum
715 2059 815 2133 [lebat
842 2061 982 2133 evocatis
1011 2061 1168 2149 mortuis,
1205 2077 1263 2129 aut

188 2173 243 2244 per
266 2156 413 2224 cranium
438 2153 576 2226 hominis
605 2161 745 2246 mortui,
779 2159 868 2257 quod
897 2189 1135 2244 spaoraria-,asae
1165 2155 1260 2228 dioe-

189 2247 299 2336 batur3
335 2267 391 2320 aut
422 2277 482 2347 per
512 2268 599 2324 certa
627 2257 716 2350 signa
745 2271 779 2326 et
811 2259 933 2352 figuras
962 2255 1059 2327 lactas
1087 2258 1124 2325 in
1152 2269 1258 2344 terra,

192 2345 233 2416 vel
267 2371 370 2444 aqua,
410 2373 501 2438 aere,
538 2353 632 2445 igne,
664 2355 764 2440 vitro,
803 2353 912 2425 cribro
936 2369 971 2423 et
1004 2353 1161 2424 sexcentis
1191 2350 1260 2421 aliis

191 2442 380 2516 fallaciarum
431 2445 535 2518 modis
588 2448 655 2545 (l).
709 2449 942 2521 Gravissimum
992 2452 1058 2522 hoc
1105 2451 1258 2537 crimen,

193 2541 273 2635 quod
307 2543 433 2640 aliquid
461 2547 497 2614 in
541 2571 575 2616 se
611 2545 791 2617 admixtum
832 2548 934 2620 habet
978 2575 1018 2620 es
1051 2546 1259 2635 idololatria,

193 2635 309 2730 heresi,
359 2641 587 2714 incredulitate
629 2659 663 2716 et
702 2643 900 2734 ambitione,
948 2671 1077 2742 semper
1116 2646 1262 2742 asperio-

193 2736 273 2809 ribus
331 2741 413 2810 cenis
449 2765 515 2811 non
559 2739 778 2813 ecclesiastieae
813 2742 920 2815 solum
963 2742 1038 2841 (ἢ),
1074 2741 1130 2815 sed
1162 2742 1260 2815 etiam

195 2836 290 2908 civiles
307 2765 401 2933 leges
424 2836 479 2935 (5)
510 2854 738 2910 coercuerunt.

227 3006 264 3087 (Ι)
290 3012 358 3071 late
387 3010 425 3071 de
450 3009 497 3073 his
520 3011 657 3072 omnibus
685 3020 794 3095 agunt,
820 3019 929 3090 praeter
961 3018 1090 3084 ceteros,
1118 3010 1262 3071 Martinus

195 3090 283 3153 Dclrio
306 3090 460 3177 disquisit.
486 3092 594 3173 mecm.
620 3090 671 3155 lib.
699 3096 718 3154 l
745 3111 811 3175 cap.
838 3094 873 3164 Ξ,
901 3102 933 3153 et
961 3091 1131 3154 leonardus
1152 3090 1265 3153 lessius

197 3166 340 3236 delectit.
358 3173 463 3258 etjur.
480 3172 532 3235 lib.
548 3178 647 3255 sscap.
659 3176 699 3235 ld
711 3171 781 3237 aab.
799 3176 828 3235 s.

229 3254 267 3333 (ἲ)
286 3257 395 3317 Confer
421 3264 569 3316 auctorem
596 3257 713 3318 constit.
740 3257 763 3316 A
787 3252 872 3318 ostol.
902 3253 954 3317 tit.
984 3257 1004 3315 8
1031 3272 1096 3338 cap.
1126 3256 1166 3315 32
1192 3251 1262 3313 cit..
1382 3278 1387 3287 ·

196 3338 394 3477 &leodonium
421 3340 609 3417 Ancyrannm
635 3356 703 3399 can.
734 3340 753 3399 ἢ
797 3346 819 3399 t.
850 3341 862 3397 l
895 3354 975 3399 corte.
1002 3334 1058 3399 col.
1086 3337 1165 3397 1500
1191 3331 1260 3396 coll.

284 3437 304 3478 r.

229 3498 267 3578 (3)
282 3500 315 3560 L.
332 3504 351 3561 l
367 3496 433 3561 eod.
455 3497 561 3563 Thcod.
585 3498 621 3561 da
639 3496 767 3581 mckfic.
787 3509 816 3562 et
829 3498 990 3578 mctlrem„
1008 3517 1097 3578 qnam
1121 3501 1153 3559 in
1167 3499 1263 3578 legem

197 3578 256 3639 vide
270 3580 498 3645 Gothclredum.

237 3735 266 3837 ς.
291 3736 332 3809 V.
369 3738 511 3809 Romani
539 3735 714 3808 Pontifices
747 3761 808 3833 pro
850 3762 929 3808 cura
960 3752 995 3807 et
1023 3734 1263 3823 sollicitudine,

198 3862 285 3931 quam
320 3836 465 3924 habent⁷
504 3836 603 3906 totius
649 3832 812 3923 ecelesiae,
857 3832 1084 3905 saluberrimas
1131 3831 1264 3903 edidere

197 3930 293 4027 leges,
330 3933 452 4031 quibus
485 3933 669 4027 antiquiora
709 3932 919 4003 ecclesiastica
963 3931 1090 4003 decreta
1140 3926 1265 3999 confir-

198 4048 274 4099 mata
311 4047 391 4103 sunt
429 4045 464 4101 et
494 4032 659 4125 provisum
697 4044 746 4099 est
781 4027 987 4123 diligentius,
1028 4044 1066 4098 ut
1100 4022 1265 4130 christiani

198 4124 334 4201 homines
393 4126 435 4198 ab
485 4128 573 4197 inani
624 4143 657 4198 et
702 4126 854 4223 improbo
902 4122 1108 4195 divinationis
1156 4116 1264 4188 studio

199 4220 427 4298 deterreantur.
464 4224 536 4295 lluc
570 4250 646 4297 sane
681 4239 830 4319 spectant
863 4219 1040 4291 decretales
1078 4243 1097 4288 a
1137 4212 1266 4307 Grego-
