3575 5625
703 666 906 739 ..25-

261 822 336 875 tom.
354 812 443 877 aot.
459 816 521 877 tou
535 815 582 878 ed.
605 816 678 879 Vea.
703 840 716 869 o
734 819 843 879 Omnoe
856 834 942 895 rane,
966 817 1080 897 inquit,
1099 815 1333 895 admoneantur,

260 906 296 959 ut
316 898 426 975 quique
446 896 555 960 linibus
578 898 794 977 territoriisque
817 900 878 961 auia
900 900 1027 961 oonteoti
1053 901 1125 961 aiut.
1152 924 1166 954 a
1200 898 1287 977 Quod
1309 901 1336 962 ei

261 978 388 1075 epirqopi
407 978 554 1043 babebont
571 980 770 1057 territorium,
785 982 816 1043 in
838 998 898 1059 qno
910 982 1106 1077 imperabant,
1120 981 1170 1060 jue
1181 981 1335 1050 dioebant.

260 1063 792 1221 iiffffiissifflffi?
793 1071 868 1225 {13:0¹⁸
875 1062 1336 1227 iqtprmpqqqpmmpffiqqpqq

261 1226 365 1305 Neque
386 1226 493 1305 refert,
519 1228 600 1308 quod
619 1246 680 1288 non
701 1226 757 1289 boo
780 1228 878 1309 ipsum
906 1228 963 1289 lori
989 1227 1161 1289 vocabalum
1183 1236 1335 1303 occurret,

261 1325 332 1368 nam
353 1309 422 1369 satis
441 1319 508 1387 eet,
537 1310 617 1390 quod
637 1310 727 1372 luerit
748 1328 796 1372 rer
815 1311 894 1390 ipsa,
921 1310 979 1371 boo
995 1318 1041 1371 eat
1056 1317 1182 1388 potestat
1202 1318 1233 1370 et
1256 1310 1336 1371 loeus

259 1388 407 1451 reddendi
418 1390 512 1469 juris.
529 1400 562 1453 nt
576 1392 677 1453 deesee
690 1410 749 1454 non
763 1392 892 1472 potuerit
905 1393 1004 1465 larua,
1021 1410 1083 1471 quo
1103 1392 1337 1471 tandemmnque

260 1470 402 1543 vocabulo
416 1475 591 1553 appelletur.
607 1473 686 1551 Quid
701 1474 780 1553 quod
798 1474 1022 1535 eonatitntionea
1034 1481 1129 1551 apost.
1141 1470 1163 1534 l.
1179 1474 1200 1534 2
1214 1492 1280 1555 cop.
1294 1475 1335 1534 tr

259 1552 341 1632 apud
358 1556 451 1625 cotel-
467 1557 534 1619 PP.
551 1559 655 1639 Apoat.
671 1563 694 1615 t.
716 1560 729 1617 l
746 1574 819 1640 pop.
839 1557 899 1617 uel
912 1554 958 1617 ed.
981 1560 1082 1618 Amat.
1102 1557 1181 1617 llil
1200 1572 1336 1635 expreaae

260 1645 431 1697 memorant
440 1641 633 1715 turrano,
647 1658 778 1715 spiraque
780 1636 912 1779 1paritio?
927 1637 1100 1713 Quodam
1111 1635 1271 1699 audientia
1282 1655 1337 1698 no-

260 1718 345 1778 mine
365 1718 523 1791 interdum
537 1720 727 1782 eeelerinatiea
747 1718 780 1795 ju
803 1719 856 1779 ieia
874 1726 1133 1798 nuncuparentur,
1154 1718 1185 1779 id
1199 1726 1280 1779 eene
1294 1736 1337 1778 ar

260 1806 406 1879 gumento
425 1817 565 1883 essenon
583 1807 693 1879 potest,
709 1798 789 1879 quod
803 1816 871 1861 vere
887 1799 997 1878 judicia
1011 1818 1071 1861 non
1088 1808 1199 1877 errent,
1218 1798 1269 1861 aed
1284 1818 1337 1878 po-

262 1882 327 1940 tiua
346 1880 470 1941 arbitria
489 1879 688 1962 haberentur,
710 1898 776 1960 qun
794 1882 938 1942 sententia
955 1888 1001 1943 eet
1019 1880 1127 1960 cujacii
1150 1882 1183 1943 ia
1202 1882 1336 1942 Porotit.

264 1958 334 2021 eod.
349 1958 386 2023 de
400 1980 447 2044 ep,
471 1960 545 2023 oud.
560 1980 643 2057 opp:
654 1972 675 2023 t.
693 1966 712 2025 2
730 1958 785 2023 col.
811 1964 868 2037 dib
881 1964 977 2025 Caroli
992 1966 1104 2045 myrei
1122 1962 1174 2025 dea
1191 1963 1337 2045 Seipneu·

263 2042 326 2104 rieo
339 2062 404 2123 cop.
423 2046 480 2121 tt5;
498 2044 668 2115 Faretuin
686 2044 763 2105 libtu
773 2041 809 2104 de
823 2042 928 2107 Almo
941 2042 993 2107 bb.
1017 2048 1038 2106 5
1058 2064 1124 2126 aup.
1155 2048 1186 2119 l,
1204 2046 1336 2123 itemque

259 2125 380 2203 Espenii
402 2126 481 2193 latr..
502 2122 571 2187 eeol.
596 2144 667 2208 por.
700 2129 713 2188 l
747 2124 792 2186 tit.
822 2128 837 2187 l
867 2144 933 2208 cap.
960 2128 997 2202 5,·
1027 2128 1128 2190 laeobi
1161 2126 1334 2191 Gutboiredi

259 2204 296 2265 ia
310 2208 437 2268 Ertroa.
459 2206 495 2269 de
510 2208 599 2291 epioe.
615 2206 713 2291 judie.
740 2205 806 2269 eod.
825 2206 968 2271 Tbeodoa.
988 2216 1060 2269 tout.
1081 2212 1185 2291 ὁρας.
1206 2211 1267 2271 atu
1285 2208 1331 2271 ad.

257 2288 372 2370 Lipat'n
387 2292 482 2367 1743.
498 2290 696 2370 alioquffltluttt
712 2290 839 2352 maxime
848 2292 1084 2369 protestantium.
1097 2290 1245 2371 Principio
1255 2292 1333 2371 apud

258 2370 487 2433 lurisaonaultoa
501 2372 533 2433 in
551 2374 631 2436 luris
644 2372 738 2433 oivilia
751 2372 951 2434 voluminibua
972 2370 1080 2435 audire
1099 2392 1234 2449 mutam,
1253 2373 1334 2435 idem

258 2452 420 2533 signifieat,
447 2474 481 2515 ae
491 2454 548 2515 rite
567 2472 739 2536 eupatorem
756 2460 785 2515 et
797 2452 940 2537 judicum
968 2454 1052 2516 litem
1075 2456 1112 2516 1..
1142 2498 1150 2515 .
1176 2498 1186 2517 .
1212 2456 1277 2515 .C.
1298 2454 1335 2517 de

258 2534 322 2595 Lit.
344 2544 463 2599 contrat.
483 2536 520 2597 t.
541 2539 560 2596 2
580 2540 614 2597 C.
634 2536 670 2599 Si
685 2556 723 2599 ex
742 2533 816 2617 [ab.
838 2536 980 2599 instrum.
998 2534 1056 2599 uel.
1077 2536 1187 2599 tertiat.
1209 2536 1247 2597 t.
1265 2538 1285 2597 o
1304 2535 1331 2617 ς.

258 2614 422 2699 Superbia
448 2621 480 2680 C.
499 2616 536 2679 de
553 2616 719 2701 Appellat„
745 2625 776 2679 et
801 2617 987 2681 αυάίωήυω
1012 2636 1091 2697 repe
1111 2638 1166 2699 pro
1192 2618 1333 2680 tribunali

258 2700 383 2779 loroque
399 2700 556 2780 judiciario
578 2710 736 2781 usurpatur
752 2700 790 2761 t.
809 2703 848 2763 dl
864 2698 899 2844 p.
925 2698 962 2763 de
979 2718 1014 2763 re
1025 2698 1128 2783 judie.
1146 2700 1184 2761 t.
1207 2698 1335 2783 bffide

261 2778 349 2864 Offie.
381 2780 501 2846 lusos.
521 2782 636 2846 Deinde
658 2800 730 2845 vero
752 2782 790 2844 ad
819 2782 1009 2846 eooeeiaatier
1035 2782 1131 2844 offitia
1153 2781 1334 2864 deniqnanda

258 2873 422 2943 utrumque
444 2864 618 2926 venabulum
633 2873 663 2926 et
676 2863 804 2948 judieii,
826 2873 857 2928 et
876 2863 1040 2928 audientiae
1064 2873 1239 2944 murpaarm
1264 2883 1335 2926 eon-

258 2955 335 3022 sut,
355 2947 435 3025 quod
452 2947 604 3008 evidenter
622 2947 766 3014 ostendit.
785 2955 900 3010 reterea
919 2949 1000 3010 inter
1022 2946 1088 3008 brae
1111 2946 1172 3007 duo
1195 2946 1333 3008 voerbtrlo

259 3029 377 3092 nullum
398 3030 556 3091 discrimen
572 3029 712 3108 potuisse.
738 3033 823 3092 Certe
836 3027 989 3112 judicium
1009 3028 1251 3102 eerleeiamienm,
1273 3045 1332 3090 non

258 3109 450 3174 motorium
473 3119 617 3172 memorat
638 3113 672 3206 S'.
691 3115 748 3174 Leo
772 3113 813 3174 ll.
835 3129 884 3206 ep.
915 3114 935 3172 2
960 3107 1002 3172 od
1023 3109 1137 3172 lluatie.
1161 3107 1332 3204 Narbonem

258 3189 1049 3357 ulai.a‘·.lt².⁴.⁰lu.⁸llu·.:tlt.l
1062 3195 1149 3335 tlt:
1170 3188 1333 3368 utut

257 3355 318 3420 ool.
348 3358 427 3420 totu
452 3357 499 3420 ed.
525 3361 624 3420 Venet.
645 3359 741 3433 atet,-
757 3361 788 3418 S.
811 3359 916 3420 Ambr.
940 3375 989 3440 ep.
1009 3359 1029 3420 b
1050 3355 1094 3417 od
1109 3357 1218 3438 Syoqr.
1243 3375 1331 3437 eptae.

263 3443 374 3502 Veron.
398 3459 465 3522 opp.
489 3449 559 3500 tom.
584 3443 602 3501 ὅ
625 3458 696 3521 pop.
725 3439 977 3502 tueremur.
1000 3441 1072 3502 Vert.
1094 3440 1191 3515 ttat‚·
1215 3441 1330 3502 Saroni.

258 3520 335 3584 biat.
350 3517 435 3585 tant
460 3541 526 3604 cup.
543 3523 562 3582 9
580 3541 614 3604 p.
638 3525 673 3582 bl
698 3519 744 3583 ed.
764 3519 876 3585 Valerii
894 3519 1037 3584 Centobr.
1059 3523 1157 3597 17203
1178 3521 1334 3584 Gratianus

258 3607 302 3666 im
356 3611 422 3664 ator
439 3623 485 3685 ep.
507 3602 549 3664 ud
570 3601 707 3700 Aquilia.
732 3603 810 3683 apud
834 3609 983 3666 coemant.
1006 3623 1053 3686 ep.
1078 3605 1165 3664 liom.
1190 3602 1330 3700 Pontifie.

258 3707 276 3750 e
308 3729 318 3746 .
344 3687 420 3763 tto,
441 3685 492 3764 qui
510 3687 700 3748 eoelesiaatieo
717 3685 829 3765 iudicio
845 3687 906 3748 vim
920 3695 1031 3748 unum
1048 3685 1198 3746 attribuit.
1220 3695 1252 3747 ut
1275 3705 1333 3747 rm-

259 3777 427 3848 peratorem
439 3768 585 3848 appellare
599 3775 679 3828 vetet
691 3785 757 3844 eoa,
773 3769 824 3848 qui
838 3777 908 3830 sunt
923 3765 1234 3850 ooudemnotijudieio
1255 3776 1334 3830 recte

259 3851 453 3914 aentieatium
466 3849 666 3912 amomum.
683 3851 767 3912 blitto
780 3851 842 3912 loeo
855 3851 910 3912 elia
924 3857 1059 3912 eeroenta
1074 3852 1195 3912 Petrum
1209 3858 1240 3910 et
1265 3869 1334 3911 ooo·

260 3934 414 4010 oiliorum3
434 3951 468 3992 ao
487 3932 573 3994 mitto
596 3932 685 3993 etiem
703 3932 826 3994 titulum
844 3933 958 3996 Codicis
974 3931 1188 4008 Tbeodoaiani,
1213 3930 1264 4011 qui
1290 3940 1334 3992 est

261 4014 298 4077 de
311 4012 615 4098 epiaoopolijudieio3
628 4014 767 4092 quomam
785 4015 824 4076 de
838 4033 873 4078 eo
888 4015 1054 4094 paulopost
1070 4032 1142 4074 roua
1156 4013 1215 4074 erit
1227 4013 1333 4092 agendi

260 4097 352 4158 laeua.
376 4095 490 4160 Deinde
510 4115 580 4158 vero
601 4097 704 4158 titulua
725 4097 775 4158 ille
796 4097 909 4160 codicia
927 4096 1102 4161 turtinianei
1118 4093 1154 4156 de
1172 4091 1335 4176 ept'aeopoli

262 4177 418 4240 audieratia
433 4177 529 4240 edituo
547 4186 607 4257 est,
626 4187 812 4258 posteaquam
836 4179 938 4241 multoe
950 4179 1121 4258 prodierant
1147 4175 1332 4256 superiorum

262 4262 475 4342 imperatorum
500 4261 738 4342 constitutiones,
758 4261 866 4342 quibua
885 4261 1040 4341 judiciaria
1056 4257 1185 4320 eaeleain
1208 4263 1334 4336 potero
