3575 5625
688 636 835 705 -005
862 676 910 689 -

299 782 485 845 Thurilicati.
497 783 534 853 ll,
551 780 624 841 056.

297 865 389 926 Tituli
405 864 468 942 qui.
488 866 513 935 Ι,
530 864 591 924 006
607 880 686 945 eeq.;
709 864 782 924 600.
798 864 916 927 Titulus
932 862 963 924 iu
979 863 1173 927 ordinatione.
1193 866 1253 928 006
1275 882 1333 948 seq.

256 947 343 1011 Unde
353 953 480 1007 tractum
490 945 569 1005 tituli
580 962 699 1005 nomen.
713 946 787 1007 007.

297 1033 431 1090 Tonsura
444 1027 620 1087 clericorum
630 1044 696 1103 quae
707 1034 738 1087 et
750 1026 869 1106 quando
882 1026 1014 1105 coeperit.
1030 1030 1053 1103 l,
1070 1030 1130 1089 000
1143 1045 1200 1109 aeq.
1215 1028 1335 1108 Triplex

255 1118 386 1171 tonsurae
399 1108 519 1188 specics.
534 1105 575 1170 ib.
586 1106 655 1185 Ejus
668 1107 755 1183 ritus,
768 1109 970 1189 acprivilegia.
987 1110 1057 1169 005.
1069 1111 1114 1171 An
1126 1109 1253 1170 siturdo.
1263 1114 1274 1170 l
1283 1113 1333 1171 55.

296 1190 431 1254 Traditio
443 1188 527 1269 quid.
541 1193 566 1266 0,
578 1189 707 1267 suajus
716 1189 890 1252 divisiolb.
905 1192 974 1270 Ejus
984 1191 1152 1252 auctoritas.
1166 1192 1216 1251 00.
1231 1193 1337 1252 Tradi-

255 1274 371 1335 tionum
387 1272 556 1332 discrimen.
577 1271 628 1332 05.
651 1271 785 1332 Ecclesia
797 1280 841 1332 est
858 1272 897 1333 de
913 1272 1072 1333 traditione
1088 1270 1243 1351 judicium.
1261 1269 1334 1333 ibid.

297 1354 467 1417 Transactio
476 1352 560 1431 quid.
575 1355 611 1413 ll.
625 1353 697 1412 007.
713 1354 929 1415 Transactionis
946 1361 975 1413 et
989 1354 1064 1433 pacti
1079 1354 1249 1415 discrimen.
1262 1352 1334 1415 ibid.

257 1436 427 1499 Transactio
445 1452 504 1496 uon
525 1434 560 1494 lit
583 1451 673 1511 super
699 1451 733 1494 re
749 1434 892 1513 judicata.
914 1437 974 1497 008
992 1444 1095 1517 etseq.
1113 1438 1173 1498 Nec
1195 1454 1284 1515 super
1305 1454 1337 1495 re

256 1525 346 1579 certa.
364 1514 404 1577 ib.
420 1515 573 1592 Quomodo
588 1533 624 1575 ex
634 1516 702 1592 jure
716 1516 795 1576 civili
811 1524 841 1577 et
855 1521 994 1578 canonico
1008 1518 1164 1579 transactio
1178 1516 1240 1577 fiat.
1261 1518 1333 1577 000.

257 1599 475 1663 ‘transactionis
501 1596 669 1659 auctoritas.
697 1599 768 1658 008.
795 1600 841 1659 Au
865 1598 905 1658 ob
931 1618 1006 1659 nova
1033 1606 1223 1660 monumenta
1252 1599 1337 1660 tolla·

256 1689 318 1743 tur.
345 1682 419 1742 000.
443 1678 500 1756 Qui
526 1678 687 1758 transigere
706 1680 829 1758 possint.
860 1677 934 1741 ibid.
961 1681 1075 1757 Quibus
1093 1680 1131 1742 de
1151 1679 1240 1741 rebus
1257 1688 1337 1741 tran·

257 1762 357 1843 sigere
370 1780 428 1822 non
441 1762 537 1822 liccat.
554 1758 627 1823 idid.

298 1842 556 1921 Translatioquid.
573 1845 597 1913 1,
615 1840 688 1901 505.
708 1841 806 1904 Vetita
827 1842 892 1905 sine
908 1842 988 1922 justa
1002 1860 1098 1905 causa.
1114 1840 1188 1905 ibid.
1213 1842 1337 1919 Quando

263 1933 295 1986 et
304 1944 321 1986 a
331 1944 390 2005 quo
400 1925 620 2005 permittantur.
635 1924 709 1983 500.

785 2019 818 2089 V

298 2102 509 2165 Vadimonium
521 2103 704 2183 promittere.
720 2109 757 2180 ll,
772 2105 823 2166 67.
839 2108 992 2167 Deserere.
1007 2106 1058 2167 77.

300 2188 367 2247 Van
387 2188 483 2264 Espen
506 2186 623 2265 vapulat
648 2192 676 2265 0,
704 2189 759 2265 57,
783 2189 838 2260 68,
866 2188 922 2263 70,
946 2187 1024 2262 570,
1050 2188 1127 2263 085,
1153 2188 1230 2263 550,
1261 2188 1334 2261 508,

260 2268 337 2344 606,
355 2268 435 2344 700,
453 2269 529 2345 700,
549 2270 591 2343 00,
612 2272 669 2346 05,
687 2271 763 2346 070,
781 2272 857 2345 000,
876 2270 952 2343 500,
971 2268 1047 2349 577,
1068 2270 1144 2346 506,
1164 2270 1243 2347 005,
1263 2270 1335 2330 006.

299 2353 373 2412 Vasa
384 2367 475 2409 sacra
489 2352 514 2425 l,
529 2350 599 2409 650.
616 2354 724 2411 Eorum
735 2353 926 2414 consecratio.
944 2352 1015 2413 655.

297 2432 484 2493 vaticinatio.
499 2434 534 2505 ll,
549 2432 767 2515 conseptae.

298 2513 424 2573 Venatio
434 2512 547 2573 clericis
558 2514 658 2575 vetita.
674 2518 696 2589 l,
710 2517 762 2592 08,
777 2517 847 2577 000.

301 2594 486 2672 vespertinae
498 2612 608 2673 preces.
623 2599 648 2671 0,
662 2597 722 2656 570
736 2606 764 2657 et
776 2614 835 2678 rep.

299 2678 403 2737 Vestes
415 2675 599 2735 clericorum.
614 2678 637 2752 l,
657 2679 715 2737 000
726 2696 786 2758 seq.

299 2759 404 2819 Vestes
423 2775 522 2819 sacre.
540 2759 564 2833 0,
587 2758 659 2819 650.
679 2760 726 2822 An
751 2758 947 2838 peculiaribus
965 2758 1085 2839 apostoli
1105 2760 1149 2821 usi
1170 2761 1229 2822 sint
1246 2761 1277 2822 iu
1293 2780 1338 2822 sa-

258 2839 328 2900 cris.
355 2841 415 2899 655
440 2857 498 2920 seq.
527 2839 615 2900 Varia
643 2841 674 2898 in
703 2840 759 2901 boc
783 2839 952 2918 disciplina,
977 2841 1027 2900 ubi
1054 2841 1091 2901 de
1111 2840 1229 2982 penula
1257 2844 1337 2904 Pauli

258 2921 331 3000 quid
365 2918 604 2999 intelligendum.
635 2921 706 2981 650.
740 2921 860 2982 Materia
890 2937 1039 2981 sacrorum
1078 2922 1108 2980 in

260 3003 339 3063 color
349 3009 379 3062 et
393 3001 571 3061 benedictio.
585 3001 656 3061 657.

301 3083 450 3146 viaticum
465 3083 551 3162 quid.
573 3085 600 3154 1,
621 3085 694 3145 055.
711 3086 734 3145 Α
749 3083 877 3164 parocho
891 3081 1125 3144 administratur.
1143 3085 1214 3145 055.

302 3165 438 3227 Vicarius
450 3164 625 3242 apostolicus
641 3167 723 3243 quis,
740 3187 756 3226 a
773 3184 831 3244 quo
851 3174 881 3228 et
895 3166 1013 3245 quando
1028 3163 1126 3224 detur.
1142 3168 1166 3241 l,
1181 3168 1253 3226 000.
1270 3165 1339 3244 Ejus

259 3246 429 3324 antiquitas.
452 3249 511 3307 070
529 3263 588 3326 sco.
611 3251 685 3310 Cum
704 3246 789 3309 datus
808 3256 852 3308 est
870 3267 886 3309 a
906 3246 981 3310 Sede
1002 3246 1181 3325 apostolica,
1204 3249 1338 3309 vicarius

259 3327 427 3406 capitularis
441 3345 500 3388 nun
514 3327 645 3408 eligitur.
663 3331 735 3390 000.

302 3410 437 3471 Vieurius
451 3410 619 3487 capitularis
630 3412 696 3488 quis
707 3418 737 3471 et
750 3408 867 3488 quando
882 3409 1045 3490 eligendus.
1060 3415 1083 3482 0,
1100 3412 1159 3473 000
1174 3429 1233 3492 aeq.
1246 3408 1339 3487 liujus

259 3490 427 3569 qualitates,
443 3491 615 3551 constitutio
628 3498 658 3551 et
678 3500 816 3572 potestas.
841 3493 913 3552 000.
933 3491 1011 3567 Quid
1034 3495 1124 3572 possit
1142 3493 1217 3553 circa
1237 3491 1339 3552 lndul-

260 3573 383 3652 gentius.
399 3573 448 3632 00.
464 3572 543 3646 Quid
553 3573 627 3632 circa
640 3573 850 3646 institutiones,
866 3573 1034 3634 collationes
1051 3583 1080 3635 et
1093 3575 1283 3636 dimissoriae.
1298 3571 1336 3633 ib.

302 3652 411 3714 Vicarii
424 3653 528 3712 curati.
546 3657 570 3727 0,
586 3656 658 3715 005.
675 3656 745 3731 Qui,
760 3662 817 3714 cta
832 3653 939 3732 quibus
954 3663 983 3714 et
997 3657 1144 3734 quomodo
1158 3656 1339 3717 constituan-

261 3742 321 3794 tur.
337 3732 409 3796 tbid.
426 3744 453 3795 et
466 3736 538 3794 708.
556 3739 664 3796 Eorum
680 3737 776 3814 portio
786 3755 926 3816 congrua.
943 3734 1014 3796 ibid.

301 3816 437 3878 vicarius
454 3816 608 3896 generalis.
628 3816 698 3894 Ejus
715 3818 809 3898 origo.
827 3820 850 3894 l,
868 3819 928 3878 000
947 3836 1008 3913 aeq.
1029 3819 1182 3896 Quomodo
1198 3819 1235 3878 ab
1255 3819 1339 3897 Epis·

261 3915 333 3975 copo
346 3899 550 3958 constituatur.
565 3899 635 3957 000.
653 3901 697 3958 An
713 3899 776 3958 sine
792 3917 826 3959 eo
840 3918 903 3959 esse
916 3908 1006 3977 possit
1022 3902 1190 3979 Episcopus.
1209 3897 1277 3960 ibid.
1292 3903 1337 3960 lu

261 3979 360 4058 plures
377 3997 440 4039 esse
459 3979 571 4057 possint
586 3987 615 4039 et
633 3998 698 4056 quoe
718 3989 789 4041 tunc
806 3998 909 4041 eorum
929 3980 1106 4058 jurisdictio.
1135 3979 1207 4041 ibid.
1229 3989 1335 4062 etseq.

261 4060 330 4139 Ejus
345 4060 511 4138 jurisdictio
530 4079 603 4120 num
618 4062 777 4122 ordinaria.
805 4065 877 4122 000.
903 4065 971 4122 llaec
988 4061 1024 4121 ab
1054 4061 1186 4140 Episcopi
1214 4061 1337 4120 arbitrio

260 4141 381 4220 pendet.
397 4140 469 4203 ibid.
491 4142 568 4217 Quid
588 4141 651 4202 hoec
665 4143 831 4221 jurisdictio
856 4141 1097 4221 comprehendat.
1121 4139 1190 4202 ibid.
1215 4143 1339 4218 Quando

261 4224 399 4301 exspiret.
416 4225 487 4284 000.
505 4223 578 4298 Qui,
599 4233 627 4283 et
643 4224 743 4300 qualcs
760 4225 868 4284 Vicarii
888 4243 949 4283 esse
965 4224 1088 4302 possint.
1111 4220 1181 4284 ibid.
1201 4226 1234 4284 lu
1258 4223 1338 4284 ltalia

263 4321 350 4385 unus,
366 4304 436 4365 alibi
453 4305 587 4368 vicarius
601 4314 631 4366 et
642 4305 791 4367 officialis.
805 4307 860 4366 000
868 4349 877 4366 .

1133 2931 1336 2998 umentorum,
