3575 5625
893 625 1087 717 ..16-

449 793 642 880 fideijudicis
653 802 807 879 prouocat,
824 796 1103 858 excommunicetur.
1122 795 1196 857 ilinc
1210 799 1243 866 S.
1257 797 1333 875 Aug.
1350 780 1514 880 influentia.

453 882 512 943 tls
524 898 613 942 scrut.
630 882 670 941 tl
686 897 755 961 opp.
772 887 842 939 tun.
860 882 879 941 t
894 876 949 939 ool.
965 881 1062 943 totu.
1077 886 1106 939 et
1119 876 1154 939 ue
1171 872 1259 960 Opc'r.
1275 872 1515 951 consultius-eto

450 980 535 1023 rcum.
554 964 591 1023 57
611 958 667 1023 ool.
687 963 747 1023 499
765 969 834 1022 tom.
854 958 933 1021 bed.
949 960 1088 1023 Atouria.
1108 963 1208 1023 Veuet.
1225 960 1319 1036 4750,
1336 954 1376 1019 ex'
1386 955 1517 1039 Apostoli

449 1052 596 1125 praeueptu
616 1045 723 1123 repetit
737 1043 889 1122 judicandi
904 1062 1025 1120 munus,
1047 1060 1106 1121 quo
1124 1044 1186 1121 ipse
1202 1051 1352 1121 tamquam
1365 1041 1517 1119 episeopus

449 1126 639 1206 fungebatur.
666 1129 795 1205 Uterque
810 1124 859 1187 bio
879 1126 1036 1206 Augustini
1058 1125 1138 1187 lucus
1151 1124 1259 1204 diguus
1272 1131 1331 1199 est,
1349 1124 1402 1202 quui
1415 1121 1517 1188 sedulo

451 1206 646 1288 expendatur,
667 1214 700 1269 ut
717 1214 829 1287 pateat,
848 1208 976 1269 ecelesiae
989 1207 1115 1286 judicia,
1138 1225 1207 1277 veru
1227 1205 1316 1267 luisse
1336 1204 1463 1289 iudicia,
1487 1213 1518 1263 et

450 1308 534 1352 veros
544 1290 659 1369 judices
672 1291 760 1351 inisse
783 1291 948 1368 episeopus,
963 1308 1023 1349 nou
1041 1290 1167 1351 arbitrus
1180 1288 1362 1368 litigantium
1374 1304 1517 1349 consensu

446 1372 636 1459 substitutos,
659 1389 781 1451 umque
803 1372 958 1453 Augustini
977 1373 1066 1431 fuisse
1087 1365 1277 1445 scutellum,
1295 1350 1518 1463 quudilglmopi

449 1472 485 1515 ex
499 1455 619 1533 apostoli
634 1454 698 1535 lege
715 1453 825 1532 judicia
841 1463 1021 1515 exercerent.
1037 1454 1137 1531 lnquit
1158 1453 1236 1513 euim
1260 1452 1328 1531 ipse
1337 1448 1518 1531 Augustinus

449 1536 499 1597 cit.
513 1537 609 1598 Sum
623 1538 680 1597 et:
701 1536 875 1617 «mulget...
888 1536 1022 1597 infirmos
1032 1543 1181 1614 premunt,
1192 1543 1330 1601 etuausas
1343 1540 1408 1594 sitas
1418 1532 1519 1609 adnos

448 1619 528 1678 farre
547 1618 740 1697 compellunt,
759 1617 866 1697 quibus
884 1619 983 1679 dicere
999 1637 1059 1678 non
1077 1615 1238 1680 audemus:
1263 1616 1311 1677 die
1325 1616 1428 1691 burno,
1451 1615 1518 1692 quis

448 1719 496 1761 me
508 1701 658 1761 constituit
668 1700 814 1781 judicem,
830 1709 880 1761 aut
904 1702 1062 1761 divisorem
1081 1702 1160 1761 inter
1177 1702 1248 1759 vus?
1268 1697 1425 1761 Constituit
1438 1697 1517 1778 euim

447 1782 553 1843 talibus
567 1784 660 1843 causis
678 1782 889 1845 Ecclesiasticus
913 1783 1067 1861 Apostolus
1088 1781 1268 1862 cognitores,
1292 1782 1400 1845 inloto
1419 1777 1517 1857 probi·

324 1904 335 1923 .
448 1864 520 1925 bens
530 1864 650 1946 jurgare
663 1864 847 1925 christianos.
862 1891 874 1918 u
899 1864 993 1925 liabes
1008 1865 1056 1925 bie
1071 1863 1260 1941 judicia-aeta
1276 1862 1314 1923 ab
1328 1862 1472 1941 epimpis
1485 1860 1517 1919 in

448 1946 570 2022 invitos,
596 1965 654 2007 uon
680 1947 710 2007 in
728 1963 794 2021 eos,
819 1947 870 2023 qui
895 1946 960 2006 illus
980 1964 1034 2006 sua
1052 1946 1202 2013 voluntate
1219 1940 1518 2025 tumultuati-aubibus

449 2028 615 2109 elegissent.
640 2030 708 2089 llaec
728 2034 826 2087 autem
846 2028 910 2107 ipse
930 2028 1111 2106 Augustinus
1129 2024 1178 2091 ¹de·
1190 2028 1281 2107 Opes..
1298 2022 1440 2087 Mastusia:
1464 2024 1515 2087 cit.

448 2128 515 2190 cup.
529 2111 568 2169 29
578 2108 668 2171 dicit:
687 2109 866 2170 ullallern...
877 2107 989 2187 aliquid
1000 2109 1135 2179 maniblos
1143 2110 1299 2187 opereris.
1311 2126 1400 2188 quem
1410 2108 1518 2167 tumut-

450 2192 627 2252 tuusissimas
653 2190 857 2271 perplexitates
882 2208 1035 2251 causarum
1050 2189 1366 2268 mennampatide
1393 2188 1517 2269 negotiis

450 2273 636 2333 secularibus
653 2273 698 2334 vel
717 2272 876 2352 judioandu
894 2272 1068 2334 dirimendis
1076 2308 1093 2346 ,·
1105 2267 1398 2353 vol··i1iterr'enicudo
1410 2271 1516 2350 pruci-

451 2355 565 2416 dendis.
581 2355 694 2431 Quibus
708 2374 760 2416 nos
780 2354 921 2416 molestiis
943 2355 1022 2416 idem
1043 2353 1320 2433 affixitApouolus,
1342 2373 1401 2417 non
1416 2353 1518 2432 utiquo

449 2436 743 2599 {intitul}
757 2435 1517 2580 tutti.liutbtutttltutltbtitt

1505 2562 1515 2593 l

450 2563 659 2679 neque’sulum
684 2620 731 2662 eas
757 2599 859 2661 officiis
883 2602 1093 2680 composuisse,
1119 2619 1178 2679 quo
1200 2609 1332 2679 specum
1358 2597 1519 2661 verbovel

450 2682 669 2745 iutuueuc'eudo
683 2680 894 2765 praecidendis,
919 2683 972 2743 sed
993 2683 1082 2745 etiam
1099 2701 1185 2743 veros
1202 2683 1292 2745 luusc
1310 2682 1436 2761 judices,
1458 2700 1518 2759 quo

448 2765 602 2827 reserenda
625 2774 695 2826 sunt
712 2765 800 2828 verba
816 2762 863 2826 oet
876 2762 1037 2847 judicando
1059 2762 1250 2841 diriucoudia,
1271 2774 1301 2827 et
1320 2765 1383 2828 buc
1395 2763 1518 2846 quidem

447 2848 556 2926 judicia
581 2848 717 2910 babuisse
735 2846 1020 2911 tumultuosissimas
1037 2845 1262 2930 populositatem
1289 2849 1397 2927 quibus
1418 2846 1517 2908 verbis

448 2930 596 3009 judicialis
616 2933 754 3011 strepitus
783 2948 944 3009 cursusque
972 2929 1308 3009 multiplexindicatur.
1334 2933 1395 2992 lloo
1420 2930 1517 3008 ipsum

450 3013 640 3092 apostolieum
660 3021 838 3093 preceptum
851 3014 981 3093 agnoseit
997 3012 1154 3075 concilium
1167 3011 1335 3093 carthagin.
1355 3015 1396 3074 lll
1412 3032 1479 3074 ceu.
1497 3014 1517 3072 9

451 3103 523 3240 min·
542 3091 630 3158 tcol.
650 3099 734 3240 ἀ1401
760 3092 828 3158 coll.
853 3094 976 3173 labbei,
996 3105 1026 3157 et
1042 3093 1147 3156 concil.
1169 3093 1340 3176 carmagiu.
1359 3097 1470 3158 Vocet.
1498 3099 1512 3155 l
1556 3153 1561 3158 .

451 3179 817 3241 co.ldb‘leo.tom.t.
1169 3206 1174 3212 ·
1215 3204 1219 3212 ·
1296 3205 1319 3228 υ
1424 3183 1436 3219 '·

501 3349 533 3448 §.
563 3347 639 3420 XV.
669 3350 713 3419 At
739 3351 827 3420 enim
854 3347 1005 3420 Ecclesiae
1036 3351 1238 3443 magistratus
1266 3347 1378 3431 arbitri
1410 3353 1519 3446 potius

454 3463 566 3540 erant,
592 3449 650 3543 qui
688 3462 803 3518 mutuo
838 3445 1036 3542 litigantium
1068 3473 1228 3519 consensu
1257 3447 1386 3519 dissidia
1424 3473 1518 3520 oum-

452 3545 644 3643 ponebant,
675 3571 774 3641 quum
808 3546 870 3616 veri
901 3544 1047 3644 judices,
1083 3571 1158 3617 oum
1187 3563 1295 3643 neque
1327 3548 1384 3644 jus
1422 3571 1518 3618 euer-

453 3645 579 3716 uitiunis
615 3642 794 3732 baberent,
835 3668 943 3741 nuque
969 3646 1025 3742 jus
1059 3643 1235 3714 redderent
1268 3646 1398 3716 servatis
1428 3643 1519 3743 judi·

453 3745 576 3814 ciorum
616 3740 891 3830 solemnitatibus,
936 3767 1044 3839 neque
1082 3741 1244 3836 litigantes
1283 3767 1398 3813 eorum
1440 3769 1519 3814 sun-

452 3843 562 3910 tentiis
588 3865 701 3935 parere
731 3855 936 3936 cogerentur.
970 3839 1036 3912 Sed
1067 3843 1210 3936 primum
1247 3867 1350 3936 nego,
1386 3857 1517 3911 tantum

453 3964 491 4009 ex
515 3961 672 4009 consensu
694 3937 911 4033 litigantium,
938 3963 1005 4010 non
1031 3941 1108 4009 item
1135 3941 1212 4036 jure
1240 3963 1298 4010 suu
1323 3955 1356 4010 et
1382 3941 1518 4038 proprio

259 4077 262 4086 ·
354 4082 357 4094 ·
454 4035 585 4108 ecelesia
638 4037 841 4131 magistratus
880 4033 1030 4108 fidelium
1076 4041 1304 4109 controversias
1340 4037 1514 4132 judicasse.

454 4133 628 4230 Apostolus
663 4133 850 4205 christianos
882 4133 970 4230 apud
1009 4134 1154 4206 ethnicus
1189 4132 1315 4230 litigare
1352 4152 1518 4227 vetuerat,

454 4258 561 4330 neque
589 4233 624 4304 id
657 4231 800 4324 consilii,
834 4231 891 4304 sed
920 4237 1074 4331 precepti
1100 4232 1172 4306 loeo
1203 4236 1412 4307 constituerat
1437 4234 1515 4331 (l),
