3575 5625
936 658 1158 729 ..tto-

555 810 584 909 §.
615 807 745 880 XXlll.
782 806 955 905 Quidquid
992 833 1067 878 vero
1109 808 1308 877 auctoritatis
1349 809 1384 876 in
1420 807 1575 903 episcopos

506 906 696 1004 patriarchis
743 922 777 977 et
820 905 1036 1003 metropolitis
1080 904 1289 976 ecclesiastica
1337 903 1410 999 lege
1452 929 1577 976 conoes-

507 1030 580 1073 sum
613 1020 681 1092 est,
710 1018 840 1074 tanturn
873 1028 949 1075 cum
980 1027 1139 1075 consensu
1167 1002 1281 1073 saltem
1312 1006 1410 1074 tacito
1435 1018 1469 1071 ct
1494 1026 1576 1097 prae-

507 1116 638 1197 sumpto
673 1104 792 1171 summi
833 1099 1002 1172 Pontificis
1046 1098 1181 1173 concedi
1214 1102 1335 1197 potuit.
1369 1100 1455 1171 Cum
1495 1103 1575 1169 enim

507 1201 576 1295 ipse
621 1224 706 1269 unus
746 1224 784 1269 ex
825 1197 935 1269 divino
969 1200 1120 1269 instituto
1158 1200 1193 1268 in
1241 1200 1409 1295 episcopos
1454 1196 1578 1267 haberet

507 1311 725 1393 potestatem,
771 1298 840 1394 ejus
875 1320 952 1365 sane
992 1322 1066 1393 pars
1106 1294 1147 1364 ad
1187 1294 1265 1366 alios
1309 1295 1478 1365 transferri
1517 1319 1578 1364 non

507 1409 655 1490 poterat,
686 1396 745 1463 nisi
768 1396 977 1465 assentiretur
999 1394 1072 1484 itte,
1106 1395 1164 1489 qui
1191 1418 1262 1463 eam
1287 1407 1391 1463 totam
1413 1420 1432 1461 a
1458 1389 1578 1463 Christo

508 1507 701 1587 potestatem
731 1504 763 1563 et
788 1491 1051 1589 jurisdictionem
1082 1506 1261 1587 receperat.
1298 1488 1363 1560 Sed
1395 1516 1473 1561 cum
1504 1514 1579 1561 con·

509 1588 580 1659 cilia
618 1593 653 1657 in
692 1590 886 1685 patriarchas
918 1606 950 1660 ct
989 1588 1214 1685 metropolitas
1252 1587 1466 1659 contulerunt
1508 1612 1580 1683 par·

509 1701 577 1756 tem
609 1688 843 1783 jurisdictionis
879 1704 914 1758 et
946 1690 1132 1785 potestatis,
1174 1710 1249 1783 quae
1286 1684 1407 1756 Christi
1439 1688 1580 1755 instituto

509 1786 606 1853 unius
640 1789 759 1855 summi
794 1784 964 1857 Pontificis
997 1787 1130 1882 propria
1167 1800 1255 1875 erat,
1296 1808 1439 1879 cumque
1471 1782 1580 1854 Ponti-

509 1879 587 1951 fices
619 1880 653 1950 id
681 1882 753 1953 fieri
784 1886 967 1973 sciverunt,
994 1908 1036 1953 ne
1062 1909 1102 1954 ue
1128 1880 1164 1951 hi
1193 1908 1228 1953 se
1255 1879 1449 1951 abdicarunt
1480 1896 1582 1977 potes·

511 1993 578 2049 tate
604 2005 681 2068 sua,
709 2006 809 2075 quarn
841 2005 859 2049 a
893 1980 1023 2051 Christo
1037 1910 1242 2069 habebant,
1273 2004 1382 2075 neque
1411 2004 1485 2048 cam
1514 2002 1581 2049 con·

510 2075 582 2143 cilia
610 2078 619 2143 i
645 2078 685 2145 sis
719 2080 845 2173 eripere
875 2093 1069 2173 potuerunt.

560 2169 590 2269 §.
617 2102 743 2242 lleV.
785 2172 896 2258 Quare
929 2174 1146 2271 metropolitis
1178 2190 1213 2245 et
1248 2172 1438 2273 patriarchis
1479 2171 1580 2241 datum

512 2267 645 2366 quidem
680 2286 729 2340 cst
761 2272 816 2368 jus
863 2270 1120 2367 appellationum
1155 2299 1174 2344 a
1212 2274 1380 2344 sententiis
1418 2274 1582 2366 episcopo·

512 2392 609 2455 rum,
651 2370 806 2463 quoniam
847 2368 920 2440 illos
955 2370 1004 2438 his
1037 2373 1218 2467 superiores
1259 2369 1377 2441 fecerat
1409 2368 1464 2438 lex
1495 2365 1583 2438 eccle·

512 2466 654 2551 siastica,
680 2464 741 2535 hoc
769 2482 818 2535 est
850 2468 926 2561 ipsis
961 2465 1154 2539 attribuerat
1192 2482 1320 2564 partem
1353 2464 1583 2564 jurisdictionis

512 2578 546 2631 et
573 2565 760 2656 potcstatis,
795 2589 892 2660 quam
928 2565 962 2632 in
988 2566 1154 2662 episcopos
1187 2580 1316 2636 tantum
1344 2568 1469 2634 summi
1499 2562 1583 2632 Pon·

513 2656 615 2729 tifrces
637 2660 745 2729 divina
777 2660 850 2731 lec
885 2660 1096 2747 obtinebant3
1129 2663 1186 2734 scd
1218 2663 1252 2731 hi
1283 2688 1413 2759 semper
1445 2674 1583 2759 potesta·

512 2770 599 2846 tem,
659 2782 757 2854 quam
809 2688 983 2830 habebant
1033 2762 1150 2850 initio,
1204 2762 1424 2831 retinuerunt.
1474 2756 1584 2830 Christi

512 2857 679 2945 instituto,
717 2856 758 2925 ah
788 2859 930 2954 episcopi
970 2861 1130 2928 sententia
1165 2885 1249 2929 unus
1281 2858 1435 2931 Pontifex
1478 2854 1584 2952 appel·

511 2951 569 3022 lari
603 2955 780 3047 potuisset,
815 2953 886 3048 lege
919 2955 1127 3028 ecclesiastica
1160 2955 1368 3054 appellantur
1396 2959 1497 3027 etiam
1528 2977 1586 3022 me·

512 3049 674 3146 tropolitae
709 3068 742 3122 et
771 3054 984 3149 patriarchae3
1017 3052 1074 3124 sed
1105 3081 1233 3150 semper
1262 3057 1428 3150 integrum
1459 3070 1508 3124 ast
1540 3052 1585 3148 jus

515 3146 771 3246 appellationum
800 3150 891 3247 quod
920 3154 953 3222 in
981 3150 1130 3221 Primatu
1153 3153 1269 3224 haeret.

561 3243 591 3342 §.
621 3245 732 3316 XXV.
770 3247 813 3318 Et
855 3252 1011 3345 quoniam
1046 3251 1153 3345 prima
1185 3275 1204 3319 a
1241 3247 1373 3320 Christo
1414 3245 1585 3346 procedens

511 3343 673 3413 institutio
707 3343 871 3415 Primatus
901 3361 989 3436 erat,
1028 3362 1065 3416 ut
1099 3347 1186 3418 solus
1223 3346 1375 3418 Pontifex
1412 3347 1586 3417 confirma·

514 3453 563 3506 ret
606 3439 827 3510 infirmaretve
884 3445 1059 3513 sententias
1108 3447 1357 3540 episcoporum,
1420 3445 1458 3513 in
1515 3461 1587 3537 quos

514 3539 581 3628 ipse
616 3561 698 3605 unus
726 3537 989 3633 jurisdictionem
1026 3539 1185 3628 habebat3
1215 3541 1354 3611 Ecclesia
1386 3557 1499 3612 autem
1537 3537 1588 3605 hu·

508 3633 564 3796 p'us
598 3637 765 3726 potestatis
802 3639 973 3735 participes
1007 3639 1082 3709 fecit
1128 3637 1324 3736 patriarchas
1361 3655 1395 3709 et
1433 3655 1588 3729 metrope

527 3729 599 3815 itas,
634 3728 690 3797 scd
722 3756 790 3801 non
824 3758 894 3802 earn
925 3733 1048 3804 ademit
1076 3736 1141 3824 illi,
1176 3737 1229 3807 cui
1256 3733 1405 3807 Christus
1438 3734 1587 3812 dedet-ets

515 3825 662 3920 profecto
703 3851 849 3900 summus
890 3831 1042 3901 Pontifex
1083 3859 1152 3906 non
1192 3850 1322 3904 tantum
1370 3861 1388 3904 a
1426 3829 1588 3904 sententiis

515 3922 773 4018 patriarcharum
791 3949 793 3955 ·
813 3943 846 3996 et
884 3929 1186 4025 metropolitarum,
1224 3930 1282 4003 sed
1317 3937 1416 4003 etiam
1456 3929 1541 4000 illico
1574 3951 1589 3990 a

515 4022 684 4092 sententiis
715 4023 942 4120 episcoporum
984 4026 1141 4125 appellari
1190 4045 1309 4125 potest.
1349 4029 1420 4101 lllae
1462 4025 1589 4125 quidem

515 4119 748 4215 appellationes
804 4125 972 4216 pertinent
1017 4124 1060 4195 ad
1107 4151 1269 4196 summam
1322 4143 1357 4198 ct
1407 4145 1591 4223 supremam

515 4233 708 4310 potestatem
752 4221 786 4287 in
837 4243 951 4292 omnes
1000 4227 1185 4320 episcopos,
1239 4225 1483 4321 metropolitas²
1542 4245 1591 4316 pa-
