3575 5625
686 667 907 739 -119-

291 773 439 880 ludioium
453 817 536 896 quid.
551 820 589 893 11,
603 819 654 878 51.
670 816 783 894 Quibus
795 816 884 877 rebus
898 823 1022 878 oonstet.
1034 814 1105 878 ibid.
1121 825 1149 878 61
1163 817 1212 879 19.
1229 819 1328 880 Variae

250 902 359 979 species
368 899 548 978 judiciorum
572 898 900 981 turpissimorum
920 897 1003 958 ordo.
1031 900 1081 959 56.
1100 901 1214 961 ludioia
1228 919 1328 960 eoram

250 989 433 1060 competente
449 980 550 1060 judioe
571 980 743 1044 exercenda.
767 983 819 1040 11.
848 978 964 1041 1661616
982 979 1111 1040 66616616
1128 982 1328 1059 apostolorum
1424 992 1472 1002 ··
1542 999 1548 1008 ·

250 1071 346 1124 aetate.
363 1063 401 1123 10
413 1070 512 1143 etseq.
523 1061 791 1142 Subopostolorum
807 1059 1032 1121 suecessoribus.
1046 1061 1124 1121 1561
1133 1080 1194 1143 sep.
1206 1067 1250 1124 De
1260 1081 1326 1124 oon·
1424 1091 1427 1096 .
1492 1141 1498 1148 Ι

249 1145 400 1206 troversiis
413 1144 640 1205 christianorum
653 1143 708 1204 sub
719 1143 843 1204 ethnicis
854 1140 1091 1220 imperatoribus.
1113 1145 1151 1203 15
1166 1151 1266 1226 etseq.
1280 1147 1328 1206 Aa

164 1223 174 1246 ⁰
250 1243 283 1286 ea
304 1243 372 1287 vara
390 1226 500 1305 judicia
518 1226 646 1302 1666161,
666 1244 718 1285 666
741 1227 838 1303 potius
864 1223 999 1284 arbitria.
1028 1224 1066 1284 16
1093 1241 1154 1306 aeq.
1171 1225 1325 1300 Quomodo

249 1307 326 1368 nillil
346 1306 384 1368 ab
408 1307 445 1368 iis
467 1307 610 1384 abluerit,
633 1307 713 1385 quod
734 1305 770 1368 ad
788 1305 892 1385 judicii
918 1305 1112 1366 substantiam
1127 1306 1266 1385 pertinet.
1282 1309 1321 1368 l8

248 1395 275 1448 et
296 1407 356 1470 aeq.
377 1389 492 1452 1661616
516 1389 643 1485 emissis
666 1388 721 1450 sub
743 1388 928 1482 principibus
952 1386 1131 1447 christianis.
1162 1388 1216 1465 19,
1243 1390 1328 1485 2161

248 1467 1329 1632 6666666666.’6666116666661’6661666666

244 1632 425 1711 judiciorum
439 1635 566 1696 66616616
584 1635 689 1694 lorma.
717 1631 789 1695 ibid.
814 1632 974 1694 iudiciaria
988 1639 1115 1710 potestas
1137 1632 1277 1694 ecclesie.
1294 1636 1326 1696 6.

251 1717 322 1776 Pars
340 1715 456 1794 imperii
470 1724 500 1776 et
515 1714 739 1794 jurisdictionis.
761 1717 779 1776 ti
806 1721 913 1810 etseq.
936 1715 1001 1789 Quo
1019 1716 1092 1776 lure
1113 1714 1233 1774 eoeleaia
1251 1713 1329 1776 bauo

247 1804 421 1873 potestatam
431 1805 576 1858 exerceat.
592 1799 610 1858 7
625 1803 654 1857 61
670 1813 732 1878 sep.
747 1795 916 1858 ludiuiarrae
927 1796 1077 1875 potestatis
1091 1794 1238 1874 objectum
1252 1815 1327 1874 quo·

248 1877 348 2018 {aplos
370 1884 400 1938 et
417 1879 513 2018 puolo.
534 1881 565 1939 8.
585 1880 748 1972 commuue
768 1878 970 1939 ecclesiastieae
993 1883 1024 1938 et
1042 1877 1324 2018 oisilpnreipublirm

249 1960 512 2102 6616666.
520 1961 737 2124 6661616.
751 1961 1189 2103 661116666666
1192 1968 1328 2104 ‘titt

247 2121 412 2181 criminalia
423 2121 460 2181 ab
474 2123 592 2184 ecelesia
604 2123 731 2184 exercita
751 2121 782 2182 iu
796 2122 860 2182 loro
881 2122 1032 2184 exteriori.
1053 2124 1115 2184 220
1128 2140 1189 2204 aeq.
1214 2123 1329 2186 ludioia

250 2202 412 2262 criminalia
427 2205 555 2265 eooloeioe
569 2205 598 2264 in
614 2204 733 2264 elericos
747 2212 777 2264 et
788 2204 887 2264 luioos.
904 2206 965 2266 117
977 2213 1005 2266 61
1016 2223 1079 2288 sep.

289 2286 495 2346 duramentum
513 2285 598 2366 quid.
615 2288 658 2360 11,
680 2287 750 2348 106.
775 2288 892 2347 lustum
913 2285 951 2346 ab
975 2286 1095 2347 eoelesia
1118 2285 1324 2365 approbatum.

249 2363 309 2424 568
331 2381 392 2460 666ἶ
414 2369 447 2427 16
473 2385 507 2426 re
535 2366 632 2462 16661,
661 2374 712 2426 661
739 2366 818 2462 turpi
849 2367 991 2464 vetitum.
1017 2364 1327 2462 1111116666661616

245 2447 1328 2594 66666166666661666666661.666616

245 2606 364 2668 deferre
392 2627 426 2668 66
452 2610 574 2671 relerre.
610 2607 683 2670 itit.
717 2611 763 2672 An
791 2609 923 2672 oblatum
955 2613 1084 2673 recusari
1118 2615 1221 2691 possit.
1253 2617 1324 2675 109.

244 2691 454 2751 «iuramentum
486 2688 661 2766 salamim,
696 2690 817 2769 ejusque
844 2710 929 2752 eausa
965 2700 996 2753 et
1021 2694 1117 2774 origo.
1146 2694 1241 2754 8161
1261 2712 1323 2778 aeq.

245 2773 271 2833 A
295 2770 403 2849 quibus
443 2771 693 2834 1666666687
716 2778 827 2854 etseq.
854 2772 969 2850 Quibus
995 2773 1027 2835 16
1045 2773 1149 2835 666616.
1178 2777 1231 2838 86.
1247 2779 1327 2840 Num

244 2854 277 2913 16
299 2790 501 2931 spiritualibus
517 2861 546 2915 et
569 2853 782 2915 criminalibus.
811 2855 868 2929 88,
894 2856 966 2915 110.
994 2857 1067 2930 Quae
1094 2873 1195 2935 paena,
1223 2858 1249 2918 si
1270 2878 1325 2937 pe·

243 2934 335 2994 titum
367 2953 427 2997 nou
455 2934 553 2996 detur.
589 2936 640 2997 86.
676 2937 754 2998 Num
783 2942 866 3013 paoto
901 2934 1014 2995 remitti
1040 2936 1144 3013 possit.
1173 2934 1245 2997 ibid.
1278 2944 1325 3000 16

243 3016 344 3077 olerioi
369 3016 407 3077 de
427 3017 572 3077 oalumnia
591 3016 693 3094 jurent
717 3022 747 3075 61
767 3014 927 3093 quomodo.
955 3016 995 3076 87
1022 3022 1053 3075 61
1074 3032 1135 3098 aeq.
1160 3018 1324 3081 Disorimrn

243 3098 325 3157 inter
351 3098 470 3158 olerioos
496 3106 525 3159 et
549 3099 647 3159 laicos.
676 3094 749 3159 oid.
780 3096 984 3174 oppositam
1012 3098 1140 3176 aperiam
1164 3097 1325 3162 decretales

242 3178 410 3240 illustrata.
438 3181 490 3241 88.
521 3183 727 3242 iuramentum
758 3174 883 3241 molitio
915 3177 1000 3257 quid.
1031 3180 1084 3239 89.
1117 3181 1324 3244 iuramentum

243 3259 459 3339 suppletorium
484 3262 581 3339 quale.
611 3258 977 3355 108.(16661166116666
1000 3257 1039 3320 sit
1064 3262 1162 3320 61661
1187 3260 1326 3327 deleren-

242 3341 1323 3504 111611661161111.111111161111161166

242 3509 269 3579 1,
299 3504 360 3565 tto
382 3515 412 3567 et
433 3520 494 3586 aeq.
520 3504 673 3581 Quomodo
698 3504 862 3565 amittatur.
890 3505 951 3565 518
972 3512 1002 3566 61
1027 3523 1090 3587 rep.
1117 3508 1247 3570 Potestas
1273 3510 1325 3588 ju·

241 3584 434 3647 risdiotionis.
464 3588 522 3649 117
547 3594 575 3647 ot
599 3604 659 3667 seq.
683 3586 837 3661 Quomodo
860 3586 892 3645 in
914 3585 1015 3664 judioe
1034 3587 1201 3667 jurisdictio
1220 3592 1325 3652 asim·

240 3667 313 3746 plioi
341 3669 475 3737 notione,
503 3675 533 3727 et
554 3668 646 3729 mixto
669 3665 794 3745 imperio
819 3666 1031 3748 distinguatur.
1052 3672 1080 3730 11
1088 3713 1098 3745 ,
1125 3670 1176 3731 52.
1200 3673 1247 3733 116
1273 3673 1325 3751 ju·

240 3747 377 3811 risdiotio
401 3749 538 3811 distincta
558 3768 575 3810 a
596 3755 738 3827 potestate
759 3755 788 3809 61
803 3750 988 3811 auctoritate.
1016 3751 1035 3811 11
1059 3758 1088 3811 61
1099 3768 1161 3847 aeq.
1183 3754 1218 3813 16
1241 3756 1323 3814 omui

241 3829 394 3909 republioa
423 3830 641 3911 magistratibus
664 3829 834 3891 nemssuria.
854 3833 874 3890 1
898 3838 927 3891 61
947 3847 1008 3912 aeq.
1036 3832 1207 3894 iurisdictio
1231 3836 1323 3896 eode-
1341 3838 1357 3866 ⁶

242 3913 296 3972 siae
318 3930 335 3970 6
359 3911 477 3974 Christo
503 3912 581 3973 data.
607 3914 642 3989 6,
670 3913 731 3975 119
755 3928 817 3993 aeq.
849 3915 920 3973 llam
947 3930 1065 3992 sempor
1090 3913 1210 3973 66616616
1237 3932 1323 3976 exer·

240 3992 304 4053 cuit
329 3993 359 4053 in
383 3994 448 4055 loro
471 3992 605 4055 interiori
623 4000 653 4053 et
677 3993 827 4054 exteriori.
854 3994 892 4072 9,
922 3996 962 4054 15
985 4002 1014 4055 61
1034 4009 1097 4077 aeq.
1121 3996 1181 4054 1111
1206 4002 1235 4054 61
1258 4012 1320 4081 aeq.

240 4074 605 4153 16616616161616616616,
617 4076 815 4154 6661666666,
827 4075 930 4136 mixta.
943 4077 996 4136 55.

283 4158 338 4218 166
349 4157 433 4235 quid.
452 4161 481 4235 1,
498 4157 529 4217 9.
551 4160 604 4219 lus
620 4158 803 4219 eanonioum.
832 4156 882 4216 97.
910 4158 963 4217 lus
980 4154 1076 4216 aivile.
1097 4156 1221 4217 50166
1243 4157 1321 4220 divi-

239 4254 326 4298 num.
350 4239 402 4300 18.
426 4242 479 4301 166
503 4239 678 4301 humanum.
708 4241 758 4300 51.
787 4240 841 4299 lus
867 4237 1010 4316 seriptum
1035 4244 1143 4299 61666
1166 4238 1320 4318 seriptum.

342 4342 419 4391 τοι.
449 4344 484 4393 ιι.
1158 4315 1219 4390 20.
