3575 5625
663 688 885 758 -459-

231 835 315 897 aliud
339 836 519 897 institutum.
542 836 613 897 569.
640 838 793 913 Recessus,
820 837 941 916 ejusque
965 854 1068 915 poene.
1094 832 1167 897 ibid.
1195 842 1306 919 etseq.

232 921 381 997 Apostatae
398 916 517 996 quando
540 916 685 979 dicantur.
707 921 779 979 565.
797 921 838 994 ll,
857 919 918 979 959
935 923 964 977 64
978 936 1039 1011 asp.
1066 920 1173 978 Eorum
1199 936 1305 1013 poenae.

230 999 311 1061 Vide
330 999 502 1081 Apostosio.
528 1001 574 1060 Aa
599 1000 651 1078 qui
668 1000 840 1081 religionem
858 998 982 1073 deserit,
1005 998 1074 1058 licet
1095 1018 1154 1060 non
1178 998 1308 1061 dimittat

231 1080 381 1157 habitum,
395 1082 433 1141 sit
443 1082 722 1143 excommunicatus.
735 1084 806 1141 940.

274 1162 418 1241 Reliquiae
431 1171 610 1223 sanctorum.
626 1166 654 1239 1,
670 1165 742 1224 640.
759 1166 819 1224 Cur
831 1159 1016 1223 venerandae.
1034 1158 1106 1222 diat.
1123 1168 1153 1222 ct
1165 1178 1226 1242 seq,
1249 1170 1308 1229 fla.

231 1262 301 1304 rum
323 1246 473 1305 veneratio
493 1245 706 1323 antiquissima.
725 1242 799 1306 66464.
825 1262 885 1327 aeq.
902 1242 1056 1319 Quomodo
1070 1242 1101 1302 in
1121 1243 1308 1309 ecclesiarum

233 1325 418 1386 dedicatione
439 1325 592 1387 adhibite.
617 1324 689 1387 otu.
717 1330 862 1389 Decenter
883 1322 1094 1387 custodiendae.
1124 1321 1196 1385 ibid.
1218 1332 1309 1393 Novae

232 1406 382 1486 quomodo
396 1408 535 1468 colende.
553 1403 626 1468 66464.

274 1489 475 1549 Renuntiatio.
487 1489 565 1551 Vide
577 1485 740 1571 Beneficia.

275 1572 442 1649 Reparatio.
456 1569 533 1632 Vide
546 1570 702 1632 Restitutio
713 1570 746 1630 io
760 1568 922 1653 inteprum.

274 1652 435 1731 Replicatio
449 1651 532 1730 quid.
556 1656 599 1727 ll,
623 1654 694 1713 494.
713 1650 783 1731 Ejus
801 1650 984 1731 opponendo
1000 1653 1086 1714 ratio.
1101 1650 1173 1716 66464.
1194 1663 1224 1717 64
1243 1672 1305 1738 sep.

275 1735 333 1794 Res
354 1733 544 1794 ecclesiastica
558 1733 631 1810 quid
655 1741 686 1794 et
703 1734 873 1876 quotuklex.
897 1737 925 1810 1,
948 1735 1018 1796 565.
1038 1734 1211 1813 spirituales
1229 1756 1306 1815 quae.

232 1811 308 1875 oid.
332 1814 529 1894 Temporales.
550 1814 626 1877 Vide
640 1818 728 1876 Boou
741 1834 789 1876 ecc
817 1816 880 1878 646.
900 1818 995 1877 Sacrae
1012 1824 1042 1878 64
1057 1816 1212 1897 religiose.
1234 1820 1305 1881 564.

234 1899 416 1958 commercio
427 1896 580 1957 hominum
595 1905 749 1975 exempte.
765 1899 827 1959 654
840 1905 942 1992 etseq.

275 1980 334 2039 iles
346 1976 486 2055 judicata.
505 1980 547 2054 ll,
564 1979 635 2040 449.
652 1978 721 2057 Ejus
736 1977 866 2039 effectus.
882 1977 954 2040 idid.
971 1979 1062 2042 Finis.
1079 1980 1151 2041 460.
1172 1983 1309 2061 Exequu-

235 2060 292 2135 tio,
316 2058 437 2138 ejusque
456 2068 582 2138 tempus.
598 2056 637 2120 66.
652 2078 714 2143 aeq.
731 2060 877 2139 Aquibus
890 2060 1022 2122 iacienda
1037 2068 1067 2122 et
1081 2079 1134 2139 per
1145 2080 1229 2140 quos.
1249 2066 1304 2125 464

233 2158 296 2223 seq.
313 2139 383 2218 Ejus
394 2139 569 2221 peragendae
582 2140 666 2201 ordo.
683 2144 745 2203 469
758 2150 788 2203 et
799 2160 861 2225 aeq.
878 2142 945 2202 Fori
962 2160 1041 2203 usus.
1061 2144 1120 2204 465
1141 2162 1202 2241 seq.

277 2222 427 2301 Rescripta
451 2221 626 2284 Pontificum
646 2223 730 2301 quid.
751 2227 781 2301 1,
804 2226 856 2286 56.
879 2224 1062 2304 Quotuplicis
1084 2243 1211 2305 genens.
1234 2222 1306 2287 66464.

235 2306 345 2365 Eorum
358 2304 414 2364 646.
430 2300 502 2365 alid.

276 2384 944 2469 446666664466666446466666,9406666ῇοί66
950 2394 980 2447 64
988 2383 1306 2469 Cancelluricrcpulce.

276 2467 434 2528 Restitutio
451 2467 483 2527 in
499 2467 648 2549 integrum
669 2468 754 2547 quid.
774 2472 818 2545 ll,
842 2470 913 2529 490.
934 2470 1025 2530 tusto
1042 2486 1106 2529 eam
1129 2468 1310 2530 concedendi

234 2564 340 2609 causae.
368 2550 438 2609 494.
455 2550 527 2623 Quis
550 2551 582 2609 in
597 2549 745 2630 integrum
762 2551 947 2611 restituatur.
961 2547 1035 2611 idid.
1061 2557 1089 2611 et
1107 2568 1168 2631 sep.
1195 2550 1309 2626 Quibus

235 2630 267 2689 in
281 2629 381 2690 rebus.
397 2628 468 2691 66464.
492 2638 522 2691 64
532 2648 593 2712 sep.
617 2630 773 2708 Aquibus.
791 2634 850 2692 499
864 2639 894 2691 64
906 2649 967 2712 sep.
994 2635 1072 2693 lntra
1085 2632 1165 2709 quod
1179 2638 1307 2710 tempus.

235 2713 308 2771 495.
328 2714 406 2773 Num
419 2730 453 2772 ea
474 2711 563 2772 detur
575 2718 676 2771 contra
692 2710 848 2788 principis,
865 2712 913 2771 vel
932 2729 1008 2771 sum.
1028 2711 1177 2773 Pontificio
1192 2722 1313 2773 senten-

234 2793 318 2853 tiam.
345 2794 404 2854 499
425 2799 455 2853 64
471 2810 502 2854 se
526 2836 533 2852 .
555 2794 601 2854 46
625 2791 715 2854 semel
735 2791 876 2873 denegata
898 2792 1006 2853 iterum
1029 2793 1087 2871 peti
1110 2793 1212 2872 possit.
1234 2792 1306 2855 ibid.

235 2874 306 2953 Ejus
318 2873 450 2934 effectus.
468 2813 538 2936 496.
555 2877 615 2934 Cur
627 2873 783 2933 arbitrium
794 2874 918 2951 rejiciet.
937 2875 1008 2934 905.

277 2957 393 3017 44664646
406 2954 521 3033 quidet
534 2955 730 3014 curinrcnta.
747 2957 790 3030 ll,
805 2957 876 3015 494.
892 2956 939 3015 An
953 2973 969 3013 a
987 2952 1197 3031 supplicatione
1210 2953 1309 3015 diver·

235 3055 278 3097 sa.
295 3032 366 3099 66464.
384 3045 412 3098 et
426 3053 488 3119 sep.
510 3039 639 3115 Tempus
656 3052 721 3096 cam
743 3035 942 3116 proponendi,
959 3032 1090 3095 effectus.
1107 3031 1179 3096 idid.
1199 3041 1227 3095 et
1244 3051 1307 3118 aeq.

277 3119 417 3197 Ripuaria
429 3117 486 3178 lex.
501 3121 529 3194 1,
546 3119 596 3179 95.
610 3120 637 3178 ll
645 3161 655 3194 ,
672 3119 723 3178 98.

277 3200 363 3262 Ritus
373 3201 459 3262 sacri.
475 3199 552 3262 Vide
562 3198 762 3262 6666666646.

277 3452 397 3516 Sabbati
411 3453 569 3533 jejunium.
595 3457 622 3532 l,
647 3455 719 3515 694.
744 3452 923 3516 4466666444
946 3451 977 3512 46
998 3451 1217 3514 abstinentiam.
1234 3447 1307 3514 ibid.

277 3534 403 3598 Sabinus
415 3535 624 3597 Heracleensis.
640 3538 670 3613 l,
683 3536 733 3597 69.

277 3616 432 3679 Sacellum.
453 3616 530 3679 Vide
545 3613 676 3700 Capella.
707 3679 711 3686 ,

278 3697 419 3761 Sacerdos
430 3698 512 3760 unde
530 3697 636 3760 dictus.
661 3701 691 3774 l,
707 3700 778 3760 494.
795 3697 865 3777 Ejus
878 3705 1004 3778 potestas
1016 3705 1047 3758 et
1066 3694 1207 3760 officium.
1232 3695 1309 3758 vide

236 3778 417 3863 Presbyteri.
421 3779 490 3921 ogd
510 3782 609 3861 turpia
626 3780 783 3842 sollicitans
795 3781 828 3841 in
839 3779 1040 3842 sacramentali
1065 3781 1255 3842 confessione.
1278 3781 1307 3856 1,

238 3863 310 3924 554.
334 3863 421 3937 44,5
466 3905 473 3920 .
508 3927 516 3934 ,

278 3942 439 4005 Sacerdotii
453 3949 483 4002 64
496 3941 712 4022 tmperiitincs.
732 3943 760 4017 1,
777 3943 816 4004 45
829 3959 890 4025 sep.
909 3943 953 4022 ll,
969 3943 1007 4005 49
1021 3959 1082 4024 sep.
1098 3943 1159 4004 995
1171 3957 1233 4022 sep.

278 4026 365 4086 Sacra
378 4042 437 4084 res.
449 4023 527 4085 Vide
539 4024 596 4085 lies
606 4019 814 4087 ecclesiactica.

278 4107 365 4167 Sacra
378 4106 540 4185 Scriptura.
557 4109 588 4182 l,
607 4107 649 4166 50
660 4122 722 4248 seg.

277 4189 498 4249 866666664666
512 4187 595 4266 quid.
613 4189 642 4263 l,
665 4189 683 4248 5
707 4189 737 4247 6.
757 4185 827 4264 Ejus
846 4193 964 4246 natura.
982 4185 1053 4245 566.
1074 4182 1211 4260 Antiquae
1235 4181 1308 4262 legis

236 4269 318 4348 quod
344 4273 375 4329 et
402 4269 572 4347 quotuplex.
603 4270 663 4329 567
698 4276 728 4330 ct
759 4270 935 4350 ospitare
961 4264 1034 4344 legis
1060 4269 1308 4326 sacramentorum

237 4358 349 4413 auctor.
370 4351 441 4414 680.
456 4368 518 4436 aeq.
533 4353 691 4415 Numerus.
710 4350 782 4412 569.
805 4345 927 4412 Divisio.
945 4346 1009 4410 575
1019 4363 1081 4432 sep.
1101 4346 1309 4410 materiatio
