3575 5625
687 642 830 712 -464
860 686 910 701 .-

295 790 465 872 Sepultura.
478 794 503 870 1,
527 794 588 853 644
602 799 704 874 etseq.
719 792 788 870 Ejus
801 792 885 873 origo
899 800 929 853 et
943 792 1027 854 situs.
1051 791 1126 855 ibid.
1154 802 1183 855 ct
1207 811 1269 877 seq.
1284 798 1334 857 Be·

254 874 396 935 nedietio.
410 875 482 934 648.
505 877 569 937 llos
582 874 721 936 cadavera
742 881 824 933 extra
847 876 997 935 ecclesiam
1021 875 1192 954 sepeliendi.
1222 879 1281 938 645
1306 886 1335 939 64

253 974 316 1038 seq.
342 956 443 1032 Qualis
468 956 601 1017 nuncin
629 956 766 1016 ecclesiis.
794 953 867 1017 ibid.
894 960 940 1017 66
970 958 1209 1035 superstitionem
1228 960 1331 1037 sapiat.

255 1040 314 1100 646
329 1044 359 1099 64
376 1055 439 1119 aeq.
452 1038 619 1117 Sepulturn
640 1037 743 1097 electio
764 1036 874 1115 quibus
895 1046 1051 1117 competat.
1075 1040 1145 1099 648.
1176 1041 1331 1118 Sepultura

253 1118 400 1201 gentilitia
413 1125 444 1179 ct
458 1118 643 1199 parochialis.
659 1120 730 1180 649.
746 1120 804 1193 Qui
825 1119 976 1198 sepultura
993 1126 1121 1179 careant.
1138 1122 1195 1179 6444
1225 1130 1251 1181 64
1270 1140 1330 1203 seq.

253 1205 308 1265 ius
321 1200 495 1279 sepeliendi.
518 1203 591 1263 648.
610 1205 656 1275 66
679 1201 807 1261 ecclesiis
820 1202 1012 1281 regularium.
1040 1203 1111 1262 649.
1139 1202 1192 1262 ius
1212 1202 1331 1281 parochi

252 1283 285 1343 iu
300 1281 469 1343 deferendis
487 1282 678 1344 cadaveribus
701 1281 740 1342 ad
761 1282 953 1360 sepulturam.
981 1280 1053 1345 ibid.
1083 1286 1154 1346 tura
1181 1284 1330 1345 funeraria

254 1358 353 1425 eidein
365 1362 474 1424 debita.
488 1365 550 1425 oto
563 1383 625 1446 aeq.
639 1365 807 1425 Funeroriae
827 1365 914 1426 ratio.
928 1362 1000 1427 ibid.

296 1449 456 1525 sequester
469 1446 547 1523 quis.
566 1450 608 1518 44,
625 1447 677 1506 80.

295 1529 495 1607 sequestratio
510 1528 595 1607 quid.
613 1532 649 1603 ll,
664 1528 715 1589 79.
731 1529 855 1603 Quando
866 1547 883 1587 6
894 1527 995 1607 judice
1009 1526 1204 1588 decernenda.
1218 1522 1289 1588 ibid.
1306 1536 1334 1587 64

252 1626 316 1692 aeq.
332 1610 521 1670 6664464646
536 1610 629 1672 causis
647 1610 852 1671 beneficiariis.
871 1612 923 1671 80.
941 1609 1009 1688 Ejus
1022 1610 1179 1672 revocatio.
1194 1606 1267 1671 ibid.

295 1692 391 1753 86664.
408 1695 433 1769 4,
448 1693 500 1752 92.
516 1694 625 1753 Eorum
638 1693 840 1753 manumissio.
857 1689 930 1753 ibid.
945 1699 973 1752 ct
986 1710 1047 1773 aeq.

294 1772 416 1835 Servilia
430 1772 560 1834 conditio
573 1774 693 1852 quando
706 1773 831 1852 impedit
843 1774 972 1853 nuptias.
986 1777 1017 1851 1,
1036 1774 1111 1852 547,
1134 1775 1205 1834 648.

296 1856 402 1917 Sextus
413 1854 614 1916 decretalium.
632 1858 656 1929 l,
669 1856 720 1916 84.

295 1937 426 1998 Simonis
436 1936 519 2016 quid.
536 1939 575 2014 44,
587 1938 660 1999 509.
675 1941 710 1997 444
728 1938 899 2016 quotuplex.
917 1937 988 1997 540.
1006 1938 1151 1998 llentalis.
1167 1932 1241 1997 ibid.
1254 1939 1332 1998 Cou-

255 2018 441 2079 ventionalis.
458 2018 554 2080 llcclis
575 2026 604 2079 ct
628 2018 769 2098 aquibus
790 2019 986 2080 contrahitur.
1004 2018 1234 2080 Confidentialis.
1258 2016 1328 2079 ibid.

251 2099 332 2161 liudi
352 2100 461 2178 quibus
483 2100 679 2162 committitur
703 2101 838 2162 simonia.
866 2100 938 2162 ibid.
962 2108 1075 2183 etseq.
1104 2104 1150 2163 66
1177 2100 1215 2161 644
1239 2100 1331 2161 Simo·

252 2181 369 2257 niseus,
403 2182 471 2259 qui,
498 2182 590 2263 digno
615 2182 746 2259 alioquin
781 2183 863 2260 6466,
898 2183 1008 2263 gratio,
1051 2189 1102 2243 aut
1136 2183 1236 2243 lavore
1266 2200 1329 2242 rem

252 2262 436 2341 spiritualem
454 2263 600 2324 attribuit.
627 2266 699 2325 544.
723 2266 769 2326 66
791 2266 937 2337 Simonis,
962 2264 987 2324 si
1010 2264 1132 2343 pecunia
1159 2263 1251 2323 inscio
1277 2263 1329 2324 be·

251 2343 404 2405 neficicrio
428 2344 495 2406 data
518 2346 620 2406 fuerit.
649 2346 720 2407 544.
751 2346 829 2421 Quid
851 2347 877 2407 si
904 2348 934 2407 in
958 2345 1093 2407 iraudcm
1112 2346 1204 2423 ipsius
1220 2344 1329 2405 benefi-

251 2426 346 2486 ciarii.
369 2423 441 2487 ibid.
470 2429 528 2488 Res
543 2428 709 2506 spirituales
734 2444 801 2505 quae
815 2436 845 2488 64
858 2427 1035 2508 quotuplicis
1059 2427 1186 2508 generis.
1212 2424 1284 2486 ibid.
1301 2434 1330 2486 ct

252 2524 315 2590 seq.
332 2507 548 2587 Simoniajnris
574 2510 667 2571 divini
692 2516 722 2569 et
747 2510 943 2571 ecclesiastici.
965 2507 1037 2570 ibid.
1053 2514 1097 2571 66
1112 2516 1216 2587 sponte
1227 2507 1331 2567 oblatis

251 2588 454 2649 contrahatur.
491 2594 562 2652 545.
596 2591 677 2665 Quid
704 2590 742 2650 de
764 2591 911 2652 reditibus
946 2592 1156 2653 ecclesiasticis.
1183 2586 1256 2649 ibid.
1288 2590 1329 2651 Si·

252 2672 352 2731 monia
365 2671 493 2749 palliata.
516 2673 589 2733 544.
604 2672 775 2733 vexationis
794 2673 961 2750 redemptio
982 2692 1019 2732 66
1044 2674 1083 2732 sit
1097 2671 1237 2733 simonia.
1256 2673 1327 2731 5444.

251 2752 331 2828 Quid
355 2752 436 2814 side
457 2753 551 2834 gratia
571 2760 690 2834 agatur,
716 2752 762 2811 664
781 2752 896 2831 justitia
922 2772 938 2814 6
963 2752 1032 2814 sede
1056 2752 1221 2831 Apostolica
1249 2753 1328 2813 obti-

253 2833 361 2894 nenda.
373 2832 446 2896 ibid.
462 2837 604 2896 Poenaede
613 2834 682 2912 jure
692 2835 785 2894 reteri
797 2836 827 2894 in
840 2835 1028 2896 Sirnoniecos.
1045 2838 1115 2895 546.
1129 2833 1282 2909 Quomodo
1293 2833 1330 2894 ab

253 2915 491 2977 ordinationibus
512 2922 542 2974 et
553 2915 694 2974 beneficia
708 2914 862 2975 4664466466.
879 2913 919 2976 ib.
941 2934 1002 2996 seq.
1019 2916 1181 2976 simoniaca
1196 2914 1330 2974 beneficii

254 2998 380 3059 collatio.
397 2995 439 3058 ib.
450 3013 511 3077 seq.
524 2998 622 3057 Poenae
634 2998 671 3056 de
682 2996 750 3075 jure
765 3014 851 3056 noro.
865 2997 938 3056 547.
955 2999 1027 3071 Qum
1038 2996 1076 3055 oh
1087 2995 1277 3055 simoniacum
1289 2996 1331 3055 in·

253 3098 386 3160 gressum
393 3078 554 3159 religionis.
567 3081 697 3160 5l8seq.
707 3080 779 3151 Qum
790 3080 820 3137 in
828 3077 987 3139 Simoniam
998 3075 1245 3138 conlidentialem.
1256 3077 1326 3136 590.

293 3161 449 3224 simulatio
460 3159 623 3240 religionis.
637 3163 676 3236 44,
696 3160 767 3220 957.
784 3159 854 3237 Ejus
867 3159 999 3219 criminis
1020 3176 1115 3236 poena.
1130 3155 1203 3218 ibid.

292 3244 421 3304 Societas
438 3250 614 3304 contractus.
642 3246 680 3317 ll,
707 3243 779 3302 570.
806 3241 934 3319 injustus
956 3238 1085 3319 quaudo.
1108 3237 1182 3300 ibid.
1200 3239 1328 3300 Societas

253 3323 395 3385 leonina.
408 3320 479 3383 ibid.
496 3324 542 3384 Ad
557 3333 644 3404 eaput
655 3323 779 3383 salvum.
794 3319 866 3384 ibid.

293 3405 431 3467 86464646
443 3404 516 3482 quid
529 3413 560 3465 ct
570 3405 740 3484 quotuplex.
767 3409 808 3482 44,
833 3406 905 3466 559.
921 3403 1035 3480 Quibus
1050 3403 1144 3482 poenis
1162 3402 1232 3462 olim
1247 3419 1328 3462 coer-

253 3488 322 3546 6446.
340 3488 413 3546 544.
428 3487 541 3560 Quibus
556 3487 653 3548 modo.
681 3483 752 3548 ibid.

293 3571 404 3631 Sortes.
423 3567 603 3648 virgiliane.
620 3572 726 3629 Sacrae.
743 3568 883 3631 Politieae.
901 3566 1145 3629 {aecclesiasticis
1160 3565 1328 3628 officiiscur

252 3651 363 3713 6644466.
378 3652 415 3726 44,
429 3652 491 3710 554
500 3667 560 3730 aeq.
576 3649 693 3710 4446446466
706 3669 761 3729 per
770 3658 864 3711 sortes
874 3649 989 3710 electio.
1006 3646 1091 3730 44444.ι

295 3731 495 3810 8664446ςί66.
510 3734 548 3807 44,
565 3733 635 3791 554.
653 3731 722 3810 Ejus
736 3751 842 3811 pmnoe.
857 3730 930 3793 ibid.
948 3731 1007 3792 554
1020 3740 1048 3792 64
1059 3748 1117 3813 seq.

295 3814 438 3891 speciosos
452 3819 555 3892 portae.
570 3817 598 3886 l,
615 3814 686 3872 607.

295 3895 428 3974 Spolium
441 3894 525 3971 quid.
539 3896 584 3969 ll,
598 3895 669 3954 448.
690 3897 763 3968 Quae
780 3896 906 3974 spolium
924 3893 1062 3955 officiant.
1079 3892 1152 3954 ibid.
1168 3893 1281 3968 Quibus
1295 3895 1325 3952 in

253 3976 344 4038 rebus
367 3976 511 4038 committi
529 3977 631 4053 possit.
659 3977 728 4037 449.
752 3978 842 4054 Spolii
867 3977 923 4036 rei.
947 3974 1018 4036 ibid.
1044 3977 1127 4037 66446
1149 3974 1274 4050 quibus,
1298 3983 1328 4032 et

252 4058 393 4119 adversus
407 4075 480 4136 quos
493 4065 649 4136 competat.
672 4060 741 4119 454.
768 4059 837 4137 Ejus
849 4058 918 4117 linis
939 4067 968 4118 et
982 4057 1114 4118 effectus.
1139 4052 1213 4114 ibid.
1236 4055 1325 4132 Spolii

251 4140 396 4218 exceptio.
428 4140 489 4200 450
511 4157 572 4219 seq.
600 4141 673 4214 Qua
695 4148 795 4201 contra
811 4140 940 4217 spolium
960 4139 1144 4216 exceptiones
1166 4135 1327 4195 admittan-

255 4230 316 4281 tur.
330 4223 390 4282 454
408 4239 468 4300 seq.
489 4221 535 4281 66
550 4230 695 4298 competat
718 4222 849 4301 exceptio
871 4221 908 4280 de
933 4220 1025 4298 spolio
1050 4218 1141 4278 tertii.
1170 4218 1240 4278 450.
1258 4217 1327 4296 Ejus

255 4303 300 4364 vis
311 4311 341 4362 et
350 4301 532 4382 probotionis
544 4311 670 4381 tempus.
687 4305 755 4364 454.
