<?xml version="1.0" encoding="UTF-8"?>
<!DOCTYPE html PUBLIC "-//W3C//DTD XHTML 1.0 Transitional//EN"
    "http://www.w3.org/TR/xhtml1/DTD/xhtml1-transitional.dtd">
<html xmlns="http://www.w3.org/1999/xhtml" xml:lang="en" lang="en">
 <head>
  <title>
</title>
<meta http-equiv="Content-Type" content="text/html;charset=utf-8" />
  <meta name='ocr-system' content='tesseract 3.04.00' />
  <meta name='ocr-capabilities' content='ocr_page ocr_carea ocr_par ocr_line ocrx_word'/>
</head>
<body>
  <div class='ocr_page' id='page_1' title='image "./institutionumca01devogoog_0114.png"; bbox 0 0 3575 5625; ppageno 0'>
   <div class='ocr_carea' id='block_1_1' title="bbox 672 561 894 632">
    <p class='ocr_par' dir='ltr' id='par_1_1' title="bbox 672 561 894 632">
     <span class='ocr_line' id='line_1_1' title="bbox 672 561 894 632; baseline 0 0"><span class='ocrx_word' id='word_1_1' title='bbox 672 561 894 632; x_wconf 70' lang='lat' dir='ltr'><strong>-tos-</strong></span> 
     </span>
    </p>
   </div>
   <div class='ocr_carea' id='block_1_2' title="bbox 243 710 1331 2762">
    <p class='ocr_par' dir='ltr' id='par_1_2' title="bbox 243 710 1331 2762">
     <span class='ocr_line' id='line_1_2' title="bbox 290 710 1318 815; baseline 0.001 -31"><span class='ocrx_word' id='word_1_2' title='bbox 290 713 324 815; x_wconf 60' lang='grc' dir='ltr'><strong>ς.</strong></span> <span class='ocrx_word' id='word_1_3' title='bbox 352 711 431 784; x_wconf 84' lang='lat' dir='ltr'><strong>XX.</strong></span> <span class='ocrx_word' id='word_1_4' title='bbox 461 711 589 784; x_wconf 84' lang='lat' dir='ltr'><strong>Praeter</strong></span> <span class='ocrx_word' id='word_1_5' title='bbox 620 727 737 801; x_wconf 84' lang='lat' dir='ltr'><strong>testes,</strong></span> <span class='ocrx_word' id='word_1_6' title='bbox 770 711 977 808; x_wconf 71' lang='lat' dir='ltr'><strong>probationes</strong></span> <span class='ocrx_word' id='word_1_7' title='bbox 1002 710 1189 782; x_wconf 88' lang='lat' dir='ltr'><strong>educuntur</strong></span> <span class='ocrx_word' id='word_1_8' title='bbox 1220 715 1318 786; x_wconf 85' lang='lat' dir='ltr'><strong>etism</strong></span> 
     </span>
     <span class='ocr_line' id='line_1_3' title="bbox 246 810 1321 907; baseline 0.002 -24"><span class='ocrx_word' id='word_1_9' title='bbox 246 839 284 883; x_wconf 80' lang='lat' dir='ltr'><strong>ex</strong></span> <span class='ocrx_word' id='word_1_10' title='bbox 316 813 562 898; x_wconf 76' lang='lat' dir='ltr'><strong>instrumentis,</strong></span> <span class='ocrx_word' id='word_1_11' title='bbox 602 810 761 880; x_wconf 91' lang='lat' dir='ltr'><strong>nimirum</strong></span> <span class='ocrx_word' id='word_1_12' title='bbox 799 833 839 879; x_wconf 83' lang='lat' dir='ltr'><strong>ex</strong></span> <span class='ocrx_word' id='word_1_13' title='bbox 879 811 1064 905; x_wconf 84' lang='lat' dir='ltr'><strong>scripturis,</strong></span> <span class='ocrx_word' id='word_1_14' title='bbox 1102 835 1176 907; x_wconf 81' lang='lat' dir='ltr'><strong>quse</strong></span> <span class='ocrx_word' id='word_1_15' title='bbox 1217 810 1321 884; x_wconf 86' lang='lat' dir='ltr'><strong>iidem</strong></span> 
     </span>
     <span class='ocr_line' id='line_1_4' title="bbox 243 907 1321 1009; baseline 0.001 -28"><span class='ocrx_word' id='word_1_16' title='bbox 243 909 345 1009; x_wconf 85' lang='lat' dir='ltr'><strong>judici</strong></span> <span class='ocrx_word' id='word_1_17' title='bbox 383 908 506 980; x_wconf 85' lang='lat' dir='ltr'><strong>iaciunt</strong></span> <span class='ocrx_word' id='word_1_18' title='bbox 541 910 611 996; x_wconf 89' lang='lat' dir='ltr'><strong>rei,</strong></span> <span class='ocrx_word' id='word_1_19' title='bbox 655 932 756 1004; x_wconf 80' lang='lat' dir='ltr'><strong>quum</strong></span> <span class='ocrx_word' id='word_1_20' title='bbox 794 907 977 978; x_wconf 80' lang='lat' dir='ltr'><strong>continent.</strong></span> <span class='ocrx_word' id='word_1_21' title='bbox 1020 907 1105 978; x_wconf 86' lang='lat' dir='ltr'><strong>Num</strong></span> <span class='ocrx_word' id='word_1_22' title='bbox 1145 913 1321 1004; x_wconf 78' lang='lat' dir='ltr'><strong>angustiori</strong></span> 
     </span>
     <span class='ocr_line' id='line_1_5' title="bbox 247 1003 1323 1102; baseline 0.002 -24"><span class='ocrx_word' id='word_1_23' title='bbox 247 1005 482 1102; x_wconf 74' lang='lat' dir='ltr'><strong>significatione</strong></span> <span class='ocrx_word' id='word_1_24' title='bbox 513 1007 689 1102; x_wconf 83' lang='lat' dir='ltr'><strong>seripturae</strong></span> <span class='ocrx_word' id='word_1_25' title='bbox 731 1006 950 1074; x_wconf 86' lang='lat' dir='ltr'><strong>instrumenta</strong></span> <span class='ocrx_word' id='word_1_26' title='bbox 976 1003 1205 1100; x_wconf 70' lang='lat' dir='ltr'><strong>appellantur,</strong></span> <span class='ocrx_word' id='word_1_27' title='bbox 1245 1034 1323 1080; x_wconf 90' lang='lat' dir='ltr'><strong>eum</strong></span> 
     </span>
     <span class='ocr_line' id='line_1_6' title="bbox 247 1099 1323 1199; baseline 0.001 -25"><span class='ocrx_word' id='word_1_28' title='bbox 247 1105 354 1176; x_wconf 80' lang='lat' dir='ltr'><strong>latiori</strong></span> <span class='ocrx_word' id='word_1_29' title='bbox 379 1101 639 1198; x_wconf 81' lang='lat' dir='ltr'><strong>significatione,</strong></span> <span class='ocrx_word' id='word_1_30' title='bbox 670 1099 833 1199; x_wconf 90' lang='lat' dir='ltr'><strong>quidquid</strong></span> <span class='ocrx_word' id='word_1_31' title='bbox 859 1100 901 1170; x_wconf 84' lang='lat' dir='ltr'><strong>ad</strong></span> <span class='ocrx_word' id='word_1_32' title='bbox 930 1125 1059 1172; x_wconf 69' lang='lat' dir='ltr'><strong>cauum</strong></span> <span class='ocrx_word' id='word_1_33' title='bbox 1099 1103 1323 1176; x_wconf 81' lang='lat' dir='ltr'><strong>instruendam</strong></span> 
     </span>
     <span class='ocr_line' id='line_1_7' title="bbox 249 1199 1324 1299; baseline 0 -27"><span class='ocrx_word' id='word_1_34' title='bbox 249 1204 411 1299; x_wconf 82' lang='lat' dir='ltr'><strong>pertinet,</strong></span> <span class='ocrx_word' id='word_1_35' title='bbox 454 1199 596 1297; x_wconf 86' lang='lat' dir='ltr'><strong>ideoque</strong></span> <span class='ocrx_word' id='word_1_36' title='bbox 646 1202 744 1270; x_wconf 87' lang='lat' dir='ltr'><strong>etism</strong></span> <span class='ocrx_word' id='word_1_37' title='bbox 799 1199 984 1271; x_wconf 88' lang='lat' dir='ltr'><strong>testimonia</strong></span> <span class='ocrx_word' id='word_1_38' title='bbox 1030 1201 1324 1272; x_wconf 86' lang='lat' dir='ltr'><strong>instrumentorum</strong></span> 
     </span>
     <span class='ocr_line' id='line_1_8' title="bbox 249 1295 1326 1396; baseline 0.001 -25"><span class='ocrx_word' id='word_1_39' title='bbox 249 1303 386 1372; x_wconf 89' lang='lat' dir='ltr'><strong>numine</strong></span> <span class='ocrx_word' id='word_1_40' title='bbox 423 1295 745 1394; x_wconf 86' lang='lat' dir='ltr'><strong>eomprehendantur</strong></span> <span class='ocrx_word' id='word_1_41' title='bbox 792 1296 859 1393; x_wconf 83' lang='lat'>(1).</span> <span class='ocrx_word' id='word_1_42' title='bbox 906 1296 1205 1368; x_wconf 89' lang='lat' dir='ltr'><strong>Instrumentorum</strong></span> <span class='ocrx_word' id='word_1_43' title='bbox 1251 1325 1326 1396; x_wconf 80' lang='lat' dir='ltr'><strong>quae</strong></span> 
     </span>
     <span class='ocr_line' id='line_1_9' title="bbox 250 1391 1327 1494; baseline 0.001 -26"><span class='ocrx_word' id='word_1_44' title='bbox 250 1399 315 1468; x_wconf 86' lang='lat' dir='ltr'><strong>rite</strong></span> <span class='ocrx_word' id='word_1_45' title='bbox 359 1394 503 1468; x_wconf 81' lang='lat' dir='ltr'><strong>oonfecta</strong></span> <span class='ocrx_word' id='word_1_46' title='bbox 539 1396 626 1483; x_wconf 88' lang='lat' dir='ltr'><strong>sint,</strong></span> <span class='ocrx_word' id='word_1_47' title='bbox 669 1392 783 1464; x_wconf 83' lang='lat' dir='ltr'><strong>eadem</strong></span> <span class='ocrx_word' id='word_1_48' title='bbox 811 1409 861 1465; x_wconf 87' lang='lat' dir='ltr'><strong>est</strong></span> <span class='ocrx_word' id='word_1_49' title='bbox 897 1395 934 1464; x_wconf 91' lang='lat' dir='ltr'><strong>in</strong></span> <span class='ocrx_word' id='word_1_50' title='bbox 962 1391 1108 1494; x_wconf 81' lang='lat' dir='ltr'><strong>jndicio,</strong></span> <span class='ocrx_word' id='word_1_51' title='bbox 1170 1419 1221 1470; x_wconf 75' lang='lat' dir='ltr'><strong>ute</strong></span> <span class='ocrx_word' id='word_1_52' title='bbox 1259 1412 1327 1469; x_wconf 89' lang='lat' dir='ltr'><strong>tes·</strong></span> 
     </span>
     <span class='ocr_line' id='line_1_10' title="bbox 251 1490 1328 1588; baseline 0 -22"><span class='ocrx_word' id='word_1_53' title='bbox 251 1498 358 1582; x_wconf 88' lang='lat' dir='ltr'><strong>tium,</strong></span> <span class='ocrx_word' id='word_1_54' title='bbox 387 1491 470 1564; x_wconf 78' lang='lat' dir='ltr'><strong>fidas</strong></span> <span class='ocrx_word' id='word_1_55' title='bbox 496 1507 532 1564; x_wconf 89' lang='lat' dir='ltr'><strong>et</strong></span> <span class='ocrx_word' id='word_1_56' title='bbox 567 1493 740 1563; x_wconf 83' lang='lat' dir='ltr'><strong>auotoritas</strong></span> <span class='ocrx_word' id='word_1_57' title='bbox 769 1490 837 1588; x_wconf 54' lang='grc' dir='ltr'><strong>(ἢ),</strong></span> <span class='ocrx_word' id='word_1_58' title='bbox 867 1516 971 1588; x_wconf 81' lang='lat' dir='ltr'><strong>eaque</strong></span> <span class='ocrx_word' id='word_1_59' title='bbox 1004 1491 1057 1562; x_wconf 81' lang='lat' dir='ltr'><strong>vel</strong></span> <span class='ocrx_word' id='word_1_60' title='bbox 1089 1490 1160 1588; x_wconf 91' lang='lat' dir='ltr'><strong>pub</strong></span> <span class='ocrx_word' id='word_1_61' title='bbox 1175 1495 1238 1582; x_wconf 70' lang='lat' dir='ltr'><strong>bs,</strong></span> <span class='ocrx_word' id='word_1_62' title='bbox 1272 1498 1328 1566; x_wconf 79' lang='lat' dir='ltr'><strong>vel</strong></span> 
     </span>
     <span class='ocr_line' id='line_1_11' title="bbox 251 1588 1326 1688; baseline 0 -26"><span class='ocrx_word' id='word_1_63' title='bbox 251 1594 375 1688; x_wconf 82' lang='lat' dir='ltr'><strong>privata</strong></span> <span class='ocrx_word' id='word_1_64' title='bbox 398 1604 489 1662; x_wconf 88' lang='lat' dir='ltr'><strong>sunt.</strong></span> <span class='ocrx_word' id='word_1_65' title='bbox 520 1588 655 1661; x_wconf 79' lang='lat' dir='ltr'><strong>Publica</strong></span> <span class='ocrx_word' id='word_1_66' title='bbox 683 1592 902 1660; x_wconf 80' lang='lat' dir='ltr'><strong>instrumente</strong></span> <span class='ocrx_word' id='word_1_67' title='bbox 932 1591 998 1659; x_wconf 84' lang='lat' dir='ltr'><strong>sive</strong></span> <span class='ocrx_word' id='word_1_68' title='bbox 1026 1591 1196 1686; x_wconf 75' lang='lat' dir='ltr'><strong>scripturas</strong></span> <span class='ocrx_word' id='word_1_69' title='bbox 1224 1608 1326 1680; x_wconf 91' lang='lat' dir='ltr'><strong>sunt,</strong></span> 
     </span>
     <span class='ocr_line' id='line_1_12' title="bbox 253 1686 1329 1784; baseline -0.001 -24"><span class='ocrx_word' id='word_1_70' title='bbox 253 1713 328 1784; x_wconf 85' lang='lat' dir='ltr'><strong>quae</strong></span> <span class='ocrx_word' id='word_1_71' title='bbox 363 1688 493 1784; x_wconf 78' lang='lat' dir='ltr'><strong>publiea</strong></span> <span class='ocrx_word' id='word_1_72' title='bbox 526 1689 717 1759; x_wconf 84' lang='lat' dir='ltr'><strong>auctoritate</strong></span> <span class='ocrx_word' id='word_1_73' title='bbox 755 1686 977 1758; x_wconf 80' lang='lat' dir='ltr'><strong>conficiuntur</strong></span> <span class='ocrx_word' id='word_1_74' title='bbox 1005 1710 1023 1756; x_wconf 88' lang='lat' dir='ltr'><strong>a</strong></span> <span class='ocrx_word' id='word_1_75' title='bbox 1053 1689 1219 1782; x_wconf 87' lang='lat' dir='ltr'><strong>personis,</strong></span> <span class='ocrx_word' id='word_1_76' title='bbox 1250 1692 1329 1784; x_wconf 92' lang='lat' dir='ltr'><strong>qni-</strong></span> 
     </span>
     <span class='ocr_line' id='line_1_13' title="bbox 250 1784 1329 1874; baseline 0.003 -20"><span class='ocrx_word' id='word_1_77' title='bbox 250 1785 313 1856; x_wconf 86' lang='lat' dir='ltr'><strong>bns</strong></span> <span class='ocrx_word' id='word_1_78' title='bbox 353 1785 387 1856; x_wconf 87' lang='lat' dir='ltr'><strong>id</strong></span> <span class='ocrx_word' id='word_1_79' title='bbox 430 1809 553 1856; x_wconf 90' lang='lat' dir='ltr'><strong>munus</strong></span> <span class='ocrx_word' id='word_1_80' title='bbox 597 1784 711 1856; x_wconf 88' lang='lat' dir='ltr'><strong>datum</strong></span> <span class='ocrx_word' id='word_1_81' title='bbox 755 1800 824 1874; x_wconf 87' lang='lat' dir='ltr'><strong>est,</strong></span> <span class='ocrx_word' id='word_1_82' title='bbox 867 1785 917 1854; x_wconf 88' lang='lat' dir='ltr'><strong>uti</strong></span> <span class='ocrx_word' id='word_1_83' title='bbox 954 1798 1031 1854; x_wconf 90' lang='lat' dir='ltr'><strong>sunt</strong></span> <span class='ocrx_word' id='word_1_84' title='bbox 1071 1784 1233 1856; x_wconf 79' lang='lat' dir='ltr'><strong>censuales</strong></span> <span class='ocrx_word' id='word_1_85' title='bbox 1276 1802 1329 1857; x_wconf 90' lang='lat' dir='ltr'><strong>ta-</strong></span> 
     </span>
     <span class='ocr_line' id='line_1_14' title="bbox 251 1881 1330 1973; baseline 0.004 -21"><span class='ocrx_word' id='word_1_86' title='bbox 251 1883 359 1973; x_wconf 81' lang='lat' dir='ltr'><strong>bulae,</strong></span> <span class='ocrx_word' id='word_1_87' title='bbox 404 1884 621 1954; x_wconf 83' lang='lat' dir='ltr'><strong>instrumenta</strong></span> <span class='ocrx_word' id='word_1_88' title='bbox 663 1907 681 1952; x_wconf 86' lang='lat' dir='ltr'><strong>a</strong></span> <span class='ocrx_word' id='word_1_89' title='bbox 721 1884 849 1954; x_wconf 81' lang='lat' dir='ltr'><strong>notario</strong></span> <span class='ocrx_word' id='word_1_90' title='bbox 897 1881 959 1951; x_wconf 89' lang='lat' dir='ltr'><strong>rite</strong></span> <span class='ocrx_word' id='word_1_91' title='bbox 1004 1883 1127 1952; x_wconf 79' lang='lat' dir='ltr'><strong>conseri</strong></span> <span class='ocrx_word' id='word_1_92' title='bbox 1155 1897 1210 1971; x_wconf 89' lang='lat' dir='ltr'><strong>ta,</strong></span> <span class='ocrx_word' id='word_1_93' title='bbox 1259 1900 1330 1956; x_wconf 81' lang='lat' dir='ltr'><strong>acta</strong></span> 
     </span>
     <span class='ocr_line' id='line_1_15' title="bbox 247 1907 1326 2079; baseline -0.001 -28"><span class='ocrx_word' id='word_1_94' title='bbox 247 1980 435 2079; x_wconf 80' lang='lat' dir='ltr'><strong>judicialis,</strong></span> <span class='ocrx_word' id='word_1_95' title='bbox 474 1983 645 2077; x_wconf 84' lang='lat' dir='ltr'><strong>seripturae</strong></span> <span class='ocrx_word' id='word_1_96' title='bbox 686 2005 725 2050; x_wconf 83' lang='lat' dir='ltr'><strong>ex</strong></span> <span class='ocrx_word' id='word_1_97' title='bbox 753 1977 890 2077; x_wconf 80' lang='lat' dir='ltr'><strong>publicis</strong></span> <span class='ocrx_word' id='word_1_98' title='bbox 923 1977 1071 2050; x_wconf 84' lang='lat' dir='ltr'><strong>archiviis</strong></span> <span class='ocrx_word' id='word_1_99' title='bbox 1099 1907 1228 2052; x_wconf 59' lang='lat' dir='ltr'><strong>sibetae</strong></span> <span class='ocrx_word' id='word_1_100' title='bbox 1253 1981 1326 2078; x_wconf 74' lang='grc' dir='ltr'>(ὅ),</span> 
     </span>
     <span class='ocr_line' id='line_1_16' title="bbox 252 2074 1331 2175; baseline 0.002 -27"><span class='ocrx_word' id='word_1_101' title='bbox 252 2091 287 2149; x_wconf 89' lang='lat' dir='ltr'><strong>et</strong></span> <span class='ocrx_word' id='word_1_102' title='bbox 333 2105 351 2149; x_wconf 87' lang='lat' dir='ltr'><strong>a</strong></span> <span class='ocrx_word' id='word_1_103' title='bbox 388 2076 520 2174; x_wconf 86' lang='lat' dir='ltr'><strong>publiea</strong></span> <span class='ocrx_word' id='word_1_104' title='bbox 563 2101 704 2175; x_wconf 82' lang='lat' dir='ltr'><strong>persona</strong></span> <span class='ocrx_word' id='word_1_105' title='bbox 748 2077 918 2150; x_wconf 66' lang='lat' dir='ltr'><strong>coniectae.</strong></span> <span class='ocrx_word' id='word_1_106' title='bbox 958 2075 1084 2148; x_wconf 90' lang='lat' dir='ltr'><strong>Eodem</strong></span> <span class='ocrx_word' id='word_1_107' title='bbox 1128 2074 1201 2149; x_wconf 88' lang='lat' dir='ltr'><strong>loco</strong></span> <span class='ocrx_word' id='word_1_108' title='bbox 1252 2096 1331 2150; x_wconf 87' lang='lat' dir='ltr'><strong>sunt</strong></span> 
     </span>
     <span class='ocr_line' id='line_1_17' title="bbox 250 2173 1330 2273; baseline 0.001 -27"><span class='ocrx_word' id='word_1_109' title='bbox 250 2177 424 2273; x_wconf 84' lang='lat' dir='ltr'><strong>seripturae</strong></span> <span class='ocrx_word' id='word_1_110' title='bbox 461 2173 594 2271; x_wconf 87' lang='lat' dir='ltr'><strong>publico</strong></span> <span class='ocrx_word' id='word_1_111' title='bbox 630 2190 665 2245; x_wconf 92' lang='lat' dir='ltr'><strong>et</strong></span> <span class='ocrx_word' id='word_1_112' title='bbox 689 2173 876 2247; x_wconf 85' lang='lat' dir='ltr'><strong>authentico</strong></span> <span class='ocrx_word' id='word_1_113' title='bbox 906 2173 1010 2270; x_wconf 78' lang='lat' dir='ltr'><strong>sigillo</strong></span> <span class='ocrx_word' id='word_1_114' title='bbox 1042 2173 1242 2268; x_wconf 77' lang='lat' dir='ltr'><strong>obsignatas,</strong></span> <span class='ocrx_word' id='word_1_115' title='bbox 1271 2202 1330 2247; x_wconf 83' lang='lat' dir='ltr'><strong>ve-</strong></span> 
     </span>
     <span class='ocr_line' id='line_1_18' title="bbox 251 2271 1329 2370; baseline -0.001 -25"><span class='ocrx_word' id='word_1_116' title='bbox 251 2275 314 2345; x_wconf 86' lang='lat' dir='ltr'><strong>luti</strong></span> <span class='ocrx_word' id='word_1_117' title='bbox 350 2275 525 2370; x_wconf 84' lang='lat' dir='ltr'><strong>principis,</strong></span> <span class='ocrx_word' id='word_1_118' title='bbox 566 2275 729 2370; x_wconf 80' lang='lat' dir='ltr'><strong>episcopi,</strong></span> <span class='ocrx_word' id='word_1_119' title='bbox 763 2271 919 2369; x_wconf 73' lang='lat' dir='ltr'><strong>capituli,</strong></span> <span class='ocrx_word' id='word_1_120' title='bbox 959 2273 1192 2358; x_wconf 72' lang='lat' dir='ltr'><strong>universitatis,</strong></span> <span class='ocrx_word' id='word_1_121' title='bbox 1236 2275 1329 2344; x_wconf 89' lang='lat' dir='ltr'><strong>item·</strong></span> 
     </span>
     <span class='ocr_line' id='line_1_19' title="bbox 252 2368 1331 2469; baseline 0 -28"><span class='ocrx_word' id='word_1_122' title='bbox 252 2397 320 2469; x_wconf 86' lang='lat' dir='ltr'><strong>que</strong></span> <span class='ocrx_word' id='word_1_123' title='bbox 341 2370 418 2441; x_wconf 86' lang='lat' dir='ltr'><strong>libri</strong></span> <span class='ocrx_word' id='word_1_124' title='bbox 460 2369 698 2467; x_wconf 72' lang='lat' dir='ltr'><strong>parochorum,</strong></span> <span class='ocrx_word' id='word_1_125' title='bbox 731 2373 766 2441; x_wconf 94' lang='lat' dir='ltr'><strong>in</strong></span> <span class='ocrx_word' id='word_1_126' title='bbox 809 2369 928 2465; x_wconf 88' lang='lat' dir='ltr'><strong>quibus</strong></span> <span class='ocrx_word' id='word_1_127' title='bbox 961 2368 1173 2466; x_wconf 86' lang='lat' dir='ltr'><strong>baptismata,</strong></span> <span class='ocrx_word' id='word_1_128' title='bbox 1213 2373 1331 2441; x_wconf 86' lang='lat' dir='ltr'><strong>matri·</strong></span> 
     </span>
     <span class='ocr_line' id='line_1_20' title="bbox 250 2465 1330 2564; baseline -0.003 -25"><span class='ocrx_word' id='word_1_129' title='bbox 250 2471 389 2558; x_wconf 86' lang='lat' dir='ltr'><strong>monia,</strong></span> <span class='ocrx_word' id='word_1_130' title='bbox 418 2467 533 2539; x_wconf 82' lang='lat' dir='ltr'><strong>funera</strong></span> <span class='ocrx_word' id='word_1_131' title='bbox 566 2465 808 2539; x_wconf 86' lang='lat' dir='ltr'><strong>deseribuntur.</strong></span> <span class='ocrx_word' id='word_1_132' title='bbox 845 2467 985 2538; x_wconf 84' lang='lat' dir='ltr'><strong>Privatae</strong></span> <span class='ocrx_word' id='word_1_133' title='bbox 1014 2470 1183 2564; x_wconf 85' lang='lat' dir='ltr'><strong>scripturae</strong></span> <span class='ocrx_word' id='word_1_134' title='bbox 1212 2493 1229 2537; x_wconf 84' lang='lat' dir='ltr'><strong>n</strong></span> <span class='ocrx_word' id='word_1_135' title='bbox 1257 2470 1330 2563; x_wconf 84' lang='lat' dir='ltr'><strong>pri·</strong></span> 
     </span>
     <span class='ocr_line' id='line_1_21' title="bbox 250 2561 1331 2661; baseline 0.002 -27"><span class='ocrx_word' id='word_1_136' title='bbox 250 2568 335 2637; x_wconf 80' lang='lat' dir='ltr'><strong>vatis</strong></span> <span class='ocrx_word' id='word_1_137' title='bbox 373 2565 464 2635; x_wconf 90' lang='lat' dir='ltr'><strong>nulla</strong></span> <span class='ocrx_word' id='word_1_138' title='bbox 504 2563 636 2661; x_wconf 85' lang='lat' dir='ltr'><strong>publica</strong></span> <span class='ocrx_word' id='word_1_139' title='bbox 677 2567 869 2636; x_wconf 79' lang='lat' dir='ltr'><strong>auctoritate</strong></span> <span class='ocrx_word' id='word_1_140' title='bbox 908 2561 1148 2651; x_wconf 78' lang='lat' dir='ltr'><strong>conficiuntur,</strong></span> <span class='ocrx_word' id='word_1_141' title='bbox 1194 2579 1227 2635; x_wconf 91' lang='lat' dir='ltr'><strong>et</strong></span> <span class='ocrx_word' id='word_1_142' title='bbox 1267 2563 1331 2636; x_wconf 86' lang='lat' dir='ltr'><strong>bue</strong></span> 
     </span>
     <span class='ocr_line' id='line_1_22' title="bbox 248 2660 1277 2762; baseline -0.001 -29"><span class='ocrx_word' id='word_1_143' title='bbox 248 2679 401 2762; x_wconf 81' lang='lat' dir='ltr'><strong>spectant</strong></span> <span class='ocrx_word' id='word_1_144' title='bbox 426 2662 598 2760; x_wconf 76' lang='lat' dir='ltr'><strong>epistolae,</strong></span> <span class='ocrx_word' id='word_1_145' title='bbox 628 2661 782 2757; x_wconf 84' lang='lat' dir='ltr'><strong>apocbae,</strong></span> <span class='ocrx_word' id='word_1_146' title='bbox 811 2660 1021 2758; x_wconf 77' lang='lat' dir='ltr'><strong>antapncboe,</strong></span> <span class='ocrx_word' id='word_1_147' title='bbox 1050 2661 1277 2760; x_wconf 80' lang='lat' dir='ltr'><strong>chirographa.</strong></span> 
     </span>
    </p>
   </div>
   <div class='ocr_carea' id='block_1_3' title="bbox 249 2817 1332 3472">
    <p class='ocr_par' dir='ltr' id='par_1_3' title="bbox 249 2817 1332 3312">
     <span class='ocr_line' id='line_1_23' title="bbox 292 2817 1330 2906; baseline 0.001 -22"><span class='ocrx_word' id='word_1_148' title='bbox 292 2823 337 2906; x_wconf 82' lang='lat' dir='ltr'><strong>(t)</strong></span> <span class='ocrx_word' id='word_1_149' title='bbox 356 2825 391 2885; x_wconf 75' lang='grc' dir='ltr'><strong>Ι..</strong></span> <span class='ocrx_word' id='word_1_150' title='bbox 411 2821 476 2904; x_wconf 75' lang='lat' dir='ltr'><strong>lff.</strong></span> <span class='ocrx_word' id='word_1_151' title='bbox 495 2820 531 2883; x_wconf 78' lang='lat' dir='ltr'><strong>de</strong></span> <span class='ocrx_word' id='word_1_152' title='bbox 546 2817 613 2883; x_wconf 80' lang='lat' dir='ltr'><strong>Fid.</strong></span> <span class='ocrx_word' id='word_1_153' title='bbox 631 2820 773 2884; x_wconf 80' lang='lat' dir='ltr'><strong>instrum.</strong></span> <span class='ocrx_word' id='word_1_154' title='bbox 793 2822 1028 2902; x_wconf 83' lang='lat' dir='ltr'><strong>Harmenopnlus</strong></span> <span class='ocrx_word' id='word_1_155' title='bbox 1041 2820 1092 2885; x_wconf 82' lang='lat' dir='ltr'><strong>bb.</strong></span> <span class='ocrx_word' id='word_1_156' title='bbox 1112 2826 1126 2883; x_wconf 78' lang='lat' dir='ltr'><strong>i</strong></span> <span class='ocrx_word' id='word_1_157' title='bbox 1149 2822 1194 2885; x_wconf 81' lang='lat' dir='ltr'><strong>tit.</strong></span> <span class='ocrx_word' id='word_1_158' title='bbox 1216 2824 1275 2885; x_wconf 66' lang='grc' dir='ltr'><strong>Ἡ.</strong></span> <span class='ocrx_word' id='word_1_159' title='bbox 1290 2827 1330 2886; x_wconf 76' lang='lat' dir='ltr'><strong>tn</strong></span> 
     </span>
     <span class='ocr_line' id='line_1_24' title="bbox 252 2903 1331 2983; baseline 0.004 -21"><span class='ocrx_word' id='word_1_160' title='bbox 252 2912 434 2983; x_wconf 61' lang='lat' dir='ltr'><strong>nmmo</strong></span> <span class='ocrx_word' id='word_1_161' title='bbox 451 2910 534 2964; x_wconf 81' lang='lat' dir='ltr'><strong>voest</strong></span> <span class='ocrx_word' id='word_1_162' title='bbox 546 2910 606 2963; x_wconf 87' lang='lat' dir='ltr'><strong>tem</strong></span> <span class='ocrx_word' id='word_1_163' title='bbox 627 2903 828 2981; x_wconf 86' lang='lat' dir='ltr'><strong>probationes,</strong></span> <span class='ocrx_word' id='word_1_164' title='bbox 850 2923 939 2983; x_wconf 86' lang='lat' dir='ltr'><strong>qusm</strong></span> <span class='ocrx_word' id='word_1_165' title='bbox 955 2905 1166 2975; x_wconf 80' lang='lat' dir='ltr'><strong>instrumenta,</strong></span> <span class='ocrx_word' id='word_1_166' title='bbox 1186 2904 1331 2983; x_wconf 81' lang='lat' dir='ltr'><strong>quisbue</strong></span> 
     </span>
     <span class='ocr_line' id='line_1_25' title="bbox 252 2983 1330 3066; baseline -0.001 -20"><span class='ocrx_word' id='word_1_167' title='bbox 252 2984 381 3066; x_wconf 87' lang='lat' dir='ltr'><strong>probant</strong></span> <span class='ocrx_word' id='word_1_168' title='bbox 397 2984 488 3060; x_wconf 89' lang='lat' dir='ltr'><strong>illud,</strong></span> <span class='ocrx_word' id='word_1_169' title='bbox 502 2983 582 3063; x_wconf 89' lang='lat' dir='ltr'><strong>quod</strong></span> <span class='ocrx_word' id='word_1_170' title='bbox 596 2983 708 3063; x_wconf 81' lang='lat' dir='ltr'><strong>judicio</strong></span> <span class='ocrx_word' id='word_1_171' title='bbox 724 2986 916 3065; x_wconf 83' lang='lat' dir='ltr'><strong>proponitan3</strong></span> <span class='ocrx_word' id='word_1_172' title='bbox 935 2993 966 3046; x_wconf 87' lang='lat' dir='ltr'><strong>et</strong></span> <span class='ocrx_word' id='word_1_173' title='bbox 979 3002 1132 3047; x_wconf 80' lang='lat' dir='ltr'><strong>sensarum</strong></span> <span class='ocrx_word' id='word_1_174' title='bbox 1146 2984 1330 3045; x_wconf 72' lang='lat' dir='ltr'><strong>ffimamenta</strong></span> 
     </span>
     <span class='ocr_line' id='line_1_26' title="bbox 249 3065 1332 3161; baseline -0.001 -33"><span class='ocrx_word' id='word_1_175' title='bbox 249 3074 335 3129; x_wconf 88' lang='lat' dir='ltr'><strong>sunt.</strong></span> <span class='ocrx_word' id='word_1_176' title='bbox 353 3068 388 3127; x_wconf 91' lang='lat' dir='ltr'><strong>ln</strong></span> <span class='ocrx_word' id='word_1_177' title='bbox 413 3066 541 3161; x_wconf 72' lang='lat' dir='ltr'><strong>basilicis</strong></span> <span class='ocrx_word' id='word_1_178' title='bbox 554 3084 640 3143; x_wconf 80' lang='lat' dir='ltr'><strong>sero,</strong></span> <span class='ocrx_word' id='word_1_179' title='bbox 656 3074 686 3125; x_wconf 88' lang='lat' dir='ltr'><strong>et</strong></span> <span class='ocrx_word' id='word_1_180' title='bbox 699 3067 778 3146; x_wconf 85' lang='lat' dir='ltr'><strong>apud</strong></span> <span class='ocrx_word' id='word_1_181' title='bbox 790 3065 927 3128; x_wconf 87' lang='lat' dir='ltr'><strong>eumdem</strong></span> <span class='ocrx_word' id='word_1_182' title='bbox 946 3065 1332 3161; x_wconf 28' lang='lat' dir='ltr'><strong>Harmenopulumuinstru·</strong></span> 
     </span>
     <span class='ocr_line' id='line_1_27' title="bbox 249 3146 1329 3312; baseline 0.002 -21"><span class='ocrx_word' id='word_1_183' title='bbox 249 3146 927 3309; x_wconf 54' lang='lat' dir='ltr'><strong>ffibff‘ti‘ibssffibbbbbbb’ffii</strong></span> <span class='ocrx_word' id='word_1_184' title='bbox 943 3156 1139 3312; x_wconf 47' lang='lat' dir='ltr'><strong>iiiii}</strong></span> <span class='ocrx_word' id='word_1_185' title='bbox 1155 3156 1329 3293; x_wconf 51' lang='lat' dir='ltr'><strong>ibiibi?</strong></span> 
     </span>
    </p>

    <p class='ocr_par' dir='ltr' id='par_1_4' title="bbox 294 3306 873 3472">
     <span class='ocr_line' id='line_1_28' title="bbox 294 3306 873 3472; baseline -0.002 -18"><span class='ocrx_word' id='word_1_186' title='bbox 294 3309 339 3472; x_wconf 68' lang='lat' dir='ltr'><strong>iit</strong></span> <span class='ocrx_word' id='word_1_187' title='bbox 358 3314 392 3452; x_wconf 72' lang='lat' dir='ltr'><strong>b·</strong></span> <span class='ocrx_word' id='word_1_188' title='bbox 408 3306 789 3455; x_wconf 56' lang='lat' dir='ltr'><strong>&amp;btffi‘t‘tto</strong></span> <span class='ocrx_word' id='word_1_189' title='bbox 821 3392 827 3406; x_wconf 94' lang='lat'>·</span> <span class='ocrx_word' id='word_1_190' title='bbox 863 3399 873 3453; x_wconf 61' lang='lat'><em>2</em></span> 
     </span>
    </p>

    <p class='ocr_par' dir='ltr' id='par_1_5' title="bbox 385 3409 957 3455">
     <span class='ocr_line' id='line_1_29' title="bbox 385 3409 957 3455; baseline 0.005 -3"><span class='ocrx_word' id='word_1_191' title='bbox 385 3411 406 3452; x_wconf 81' lang='lat' dir='ltr'><strong>u</strong></span> <span class='ocrx_word' id='word_1_192' title='bbox 443 3436 451 3453; x_wconf 91' lang='lat'><strong>.</strong></span> <span class='ocrx_word' id='word_1_193' title='bbox 570 3409 584 3453; x_wconf 78' lang='lat' dir='ltr'><strong>t</strong></span> <span class='ocrx_word' id='word_1_194' title='bbox 617 3410 635 3453; x_wconf 88' lang='grc' dir='ltr'><strong><em>ο</em></strong></span> <span class='ocrx_word' id='word_1_195' title='bbox 660 3436 667 3451; x_wconf 91' lang='grc'>.</span> <span class='ocrx_word' id='word_1_196' title='bbox 791 3410 862 3455; x_wconf 57' lang='lat' dir='ltr'><strong>aas</strong></span> <span class='ocrx_word' id='word_1_197' title='bbox 874 3410 957 3455; x_wconf 79' lang='lat' dir='ltr'><strong>mm.</strong></span> 
     </span>
    </p>
   </div>
   <div class='ocr_carea' id='block_1_4' title="bbox 247 3518 1329 3885">
    <p class='ocr_par' dir='ltr' id='par_1_6' title="bbox 247 3518 1329 3885">
     <span class='ocr_line' id='line_1_30' title="bbox 301 3518 1329 3622; baseline 0.006 -31"><span class='ocrx_word' id='word_1_198' title='bbox 301 3518 332 3620; x_wconf 61' lang='grc' dir='ltr'><strong>ς.</strong></span> <span class='ocrx_word' id='word_1_199' title='bbox 372 3520 469 3593; x_wconf 83' lang='lat' dir='ltr'><strong>xxl.</strong></span> <span class='ocrx_word' id='word_1_200' title='bbox 508 3520 643 3592; x_wconf 76' lang='lat' dir='ltr'><strong>Publica</strong></span> <span class='ocrx_word' id='word_1_201' title='bbox 685 3524 904 3593; x_wconf 80' lang='lat' dir='ltr'><strong>instrumente</strong></span> <span class='ocrx_word' id='word_1_202' title='bbox 952 3521 1083 3620; x_wconf 86' lang='lat' dir='ltr'><strong>plenam</strong></span> <span class='ocrx_word' id='word_1_203' title='bbox 1127 3525 1164 3593; x_wconf 92' lang='lat' dir='ltr'><strong>in</strong></span> <span class='ocrx_word' id='word_1_204' title='bbox 1203 3522 1329 3622; x_wconf 87' lang='lat' dir='ltr'><strong>judicio</strong></span> 
     </span>
     <span class='ocr_line' id='line_1_31' title="bbox 247 3618 1329 3718; baseline 0.004 -28"><span class='ocrx_word' id='word_1_205' title='bbox 247 3618 482 3718; x_wconf 85' lang='lat' dir='ltr'><strong>probationem</strong></span> <span class='ocrx_word' id='word_1_206' title='bbox 515 3622 744 3707; x_wconf 72' lang='lat' dir='ltr'><strong>constituunt,</strong></span> <span class='ocrx_word' id='word_1_207' title='bbox 784 3620 883 3691; x_wconf 90' lang='lat' dir='ltr'><strong>modo</strong></span> <span class='ocrx_word' id='word_1_208' title='bbox 920 3620 1104 3693; x_wconf 79' lang='lat' dir='ltr'><strong>authentico</strong></span> <span class='ocrx_word' id='word_1_209' title='bbox 1144 3622 1231 3716; x_wconf 88' lang='lat' dir='ltr'><strong>ipsa,</strong></span> <span class='ocrx_word' id='word_1_210' title='bbox 1267 3620 1329 3695; x_wconf 85' lang='lat' dir='ltr'><strong>hoc</strong></span> 
     </span>
     <span class='ocr_line' id='line_1_32' title="bbox 248 3714 1329 3885; baseline 0.001 -97"><span class='ocrx_word' id='word_1_211' title='bbox 248 3734 305 3788; x_wconf 78' lang='lat' dir='ltr'><strong>est</strong></span> <span class='ocrx_word' id='word_1_212' title='bbox 331 3714 530 3813; x_wconf 80' lang='lat' dir='ltr'><strong>autographa</strong></span> <span class='ocrx_word' id='word_1_213' title='bbox 564 3716 771 3829; x_wconf 73' lang='lat' dir='ltr'><strong>proferuntur</strong></span> <span class='ocrx_word' id='word_1_214' title='bbox 789 3716 864 3885; x_wconf 53' lang='grc'>3)).</span> <span class='ocrx_word' id='word_1_215' title='bbox 891 3717 978 3790; x_wconf 88' lang='lat' dir='ltr'><strong>Nam</strong></span> <span class='ocrx_word' id='word_1_216' title='bbox 1007 3717 1157 3816; x_wconf 85' lang='lat' dir='ltr'><strong>exemplo</strong></span> <span class='ocrx_word' id='word_1_217' title='bbox 1185 3743 1254 3790; x_wconf 93' lang='lat' dir='ltr'><strong>non</strong></span> <span class='ocrx_word' id='word_1_218' title='bbox 1278 3719 1329 3789; x_wconf 86' lang='lat' dir='ltr'><strong>fs·</strong></span> 
     </span>
    </p>
   </div>
   <div class='ocr_carea' id='block_1_5' title="bbox 245 3812 1329 4275">
    <p class='ocr_par' dir='ltr' id='par_1_7' title="bbox 247 3812 1328 3913">
     <span class='ocr_line' id='line_1_33' title="bbox 247 3812 1328 3913; baseline 0.001 -27"><span class='ocrx_word' id='word_1_219' title='bbox 247 3814 317 3887; x_wconf 79' lang='lat' dir='ltr'><strong>cilo</strong></span> <span class='ocrx_word' id='word_1_220' title='bbox 353 3812 517 3903; x_wconf 88' lang='lat' dir='ltr'><strong>ereditur,</strong></span> <span class='ocrx_word' id='word_1_221' title='bbox 561 3816 623 3884; x_wconf 79' lang='lat' dir='ltr'><strong>nisi</strong></span> <span class='ocrx_word' id='word_1_222' title='bbox 664 3841 703 3885; x_wconf 83' lang='lat' dir='ltr'><strong>ex</strong></span> <span class='ocrx_word' id='word_1_223' title='bbox 747 3841 787 3884; x_wconf 84' lang='lat' dir='ltr'><strong>au</strong></span> <span class='ocrx_word' id='word_1_224' title='bbox 827 3818 934 3888; x_wconf 87' lang='lat' dir='ltr'><strong>entieo</strong></span> <span class='ocrx_word' id='word_1_225' title='bbox 972 3832 1140 3913; x_wconf 90' lang='lat' dir='ltr'><strong>sumptum</strong></span> <span class='ocrx_word' id='word_1_226' title='bbox 1184 3815 1328 3911; x_wconf 83' lang='lat' dir='ltr'><strong>legitime</strong></span> 
     </span>
    </p>

    <p class='ocr_par' dir='ltr' id='par_1_8' title="bbox 245 3911 1324 4010">
     <span class='ocr_line' id='line_1_34' title="bbox 245 3911 1324 4010; baseline -0.003 -27"><span class='ocrx_word' id='word_1_227' title='bbox 245 3915 320 4001; x_wconf 87' lang='lat' dir='ltr'><strong>sit,</strong></span> <span class='ocrx_word' id='word_1_228' title='bbox 358 3927 392 3981; x_wconf 83' lang='lat' dir='ltr'><strong>et</strong></span> <span class='ocrx_word' id='word_1_229' title='bbox 431 3937 505 3982; x_wconf 88' lang='lat' dir='ltr'><strong>oum</strong></span> <span class='ocrx_word' id='word_1_230' title='bbox 540 3918 585 3981; x_wconf 86' lang='lat' dir='ltr'><strong>¹eu</strong></span> <span class='ocrx_word' id='word_1_231' title='bbox 619 3911 805 3983; x_wconf 83' lang='lat' dir='ltr'><strong>oonieratur</strong></span> <span class='ocrx_word' id='word_1_232' title='bbox 845 3912 1018 4010; x_wconf 87' lang='lat' dir='ltr'><strong>probeque</strong></span> <span class='ocrx_word' id='word_1_233' title='bbox 1060 3914 1230 3986; x_wconf 85' lang='lat' dir='ltr'><strong>conveniat</strong></span> <span class='ocrx_word' id='word_1_234' title='bbox 1256 3914 1324 4005; x_wconf 77' lang='lat'>(2).</span> 
     </span>
    </p>

    <p class='ocr_par' dir='ltr' id='par_1_9' title="bbox 245 4006 1329 4107">
     <span class='ocr_line' id='line_1_35' title="bbox 245 4006 1329 4107; baseline -0.004 -27"><span class='ocrx_word' id='word_1_235' title='bbox 245 4008 349 4081; x_wconf 80' lang='lat' dir='ltr'><strong>Fides</strong></span> <span class='ocrx_word' id='word_1_236' title='bbox 376 4023 488 4079; x_wconf 85' lang='lat' dir='ltr'><strong>tamen</strong></span> <span class='ocrx_word' id='word_1_237' title='bbox 515 4006 652 4106; x_wconf 85' lang='lat' dir='ltr'><strong>publicis</strong></span> <span class='ocrx_word' id='word_1_238' title='bbox 681 4034 814 4107; x_wconf 89' lang='lat' dir='ltr'><strong>quoqne</strong></span> <span class='ocrx_word' id='word_1_239' title='bbox 840 4012 1065 4083; x_wconf 83' lang='lat' dir='ltr'><strong>instrumentis</strong></span> <span class='ocrx_word' id='word_1_240' title='bbox 1093 4008 1238 4081; x_wconf 88' lang='lat' dir='ltr'><strong>subtrahi</strong></span> <span class='ocrx_word' id='word_1_241' title='bbox 1262 4029 1329 4103; x_wconf 89' lang='lat' dir='ltr'><strong>po-</strong></span> 
     </span>
    </p>

    <p class='ocr_par' dir='ltr' id='par_1_10' title="bbox 245 4105 1329 4275">
     <span class='ocr_line' id='line_1_36' title="bbox 245 4105 1329 4270; baseline -0.004 -93"><span class='ocrx_word' id='word_1_242' title='bbox 245 4122 320 4181; x_wconf 83' lang='lat' dir='ltr'><strong>test</strong></span> <span class='ocrx_word' id='word_1_243' title='bbox 360 4109 551 4202; x_wconf 75' lang='lat' dir='ltr'><strong>exceptione</strong></span> <span class='ocrx_word' id='word_1_244' title='bbox 585 4106 750 4198; x_wconf 82' lang='lat' dir='ltr'><strong>falsitatis,</strong></span> <span class='ocrx_word' id='word_1_245' title='bbox 790 4132 864 4204; x_wconf 81' lang='lat' dir='ltr'><strong>qnae</strong></span> <span class='ocrx_word' id='word_1_246' title='bbox 899 4106 1049 4204; x_wconf 89' lang='lat' dir='ltr'><strong>pluribus</strong></span> <span class='ocrx_word' id='word_1_247' title='bbox 1087 4107 1232 4270; x_wconf 65' lang='lat' dir='ltr'><strong>testibup3</strong></span> <span class='ocrx_word' id='word_1_248' title='bbox 1257 4105 1329 4174; x_wconf 81' lang='lat' dir='ltr'><strong>evi-</strong></span> 
     </span>
     <span class='ocr_line' id='line_1_37' title="bbox 353 4226 496 4275; baseline -0.007 -1"><span class='ocrx_word' id='word_1_249' title='bbox 353 4226 432 4274; x_wconf 78' lang='grc' dir='ltr'><strong>τοι.</strong></span> <span class='ocrx_word' id='word_1_250' title='bbox 461 4227 496 4275; x_wconf 88' lang='grc' dir='ltr'><strong>ιι.</strong></span> 
     </span>
    </p>
   </div>
   <div class='ocr_carea' id='block_1_6' title="bbox 0 0 1798 5625">
    <p class='ocr_par' dir='ltr' id='par_1_11' title="bbox 0 0 1798 5625">
     <span class='ocr_line' id='line_1_38' title="bbox 0 0 1798 5625; baseline 0 0"><span class='ocrx_word' id='word_1_251' title='bbox 0 0 1798 5625; x_wconf 95' lang='lat' dir='ltr'><strong> </strong></span> 
     </span>
    </p>
   </div>
  </div>
 </body>
</html>
