3575 5625
483 744 588 807 corpus
606 722 791 800 cruciabunt,
812 719 899 783 deris
919 721 1044 803 genibus
1058 721 1189 798 stabant,
1215 739 1278 783 sese
1291 741 1308 782 a
1323 721 1444 800 balneis,
1458 725 1541 784 couri·

481 811 553 883 viis,
568 805 750 868 matrimonii
769 823 825 864 usu
840 803 1044 881 abstinebant,
1059 803 1182 882 aliisque
1205 803 1432 884 subjiciebantur
1443 807 1539 885 poenis,

483 909 556 970 quas
577 907 664 950 nemo
691 885 872 947 inficiabitur
893 886 982 946 luisse
1007 903 1122 964 peenas,
1150 904 1216 964 quae
1242 904 1347 965 carpus
1368 887 1538 967 mstigabant.

483 975 536 1034 lic
559 970 679 1048 quidem
704 985 805 1030 omnes
824 986 860 1028 eo
884 967 1070 1046 spectabant,
1095 975 1129 1028 ut
1155 967 1330 1028 criminosus
1354 971 1542 1030 emendaretur

483 1063 572 1132 alque
583 1051 621 1113 ad
632 1051 739 1111 bonam
753 1050 869 1130 frugem
889 1049 1018 1124 rediret,
1035 1048 1085 1109 sed
1102 1048 1151 1108 hic
1168 1050 1249 1109 idem
1266 1050 1397 1111 amnium
1411 1052 1542 1111 ecclesias·

481 1137 607 1196 ticarum
625 1149 777 1211 poenarum
792 1131 861 1192 finis
875 1139 934 1206 est,
950 1139 1038 1210 atque
1049 1133 1080 1192 in
1094 1130 1141 1192 his
1155 1130 1277 1209 quidem
1290 1132 1400 1210 poenis,
1416 1141 1448 1192 ut
1461 1133 1542 1210 inquit

485 1215 668 1296 Augustinus
689 1215 812 1294 01).le
834 1210 875 1272 od
892 1211 1035 1296 Bonisoo.
1063 1232 1130 1294 cap.
1148 1215 1166 1272 6
1190 1231 1258 1294 opp.
1290 1221 1350 1274 tom
1378 1216 1396 1274 ἓ
1422 1212 1473 1275 eol.
1493 1217 1542 1274 ott

484 1297 531 1360 ed.
550 1299 650 1358 Venet.
676 1297 776 1370 1⁷30,
802 1319 815 1348 u
829 1297 889 1356 cur
907 1313 966 1354 non
984 1304 1100 1375 cogeret
1120 1293 1239 1356 ecclesia
1254 1296 1386 1374 perditos
1409 1297 1502 1372 Filios,
1516 1303 1542 1355 ut

484 1379 633 1453 redirent,
658 1378 682 1437 si
704 1376 812 1457 perditi
835 1375 889 1436 lilii
915 1387 1075 1456 coegerunt
1096 1375 1182 1454 alios,
1208 1385 1241 1436 ut
1255 1379 1437 1456 perirentla
1466 1381 1543 1440 Porro

474 1463 510 1524 ‘si
526 1461 643 1521 ecclesia
658 1475 775 1538 semper
795 1458 947 1518 constituit
960 1477 1076 1538 poenas,
1091 1477 1158 1536 qum
1176 1475 1281 1538 corpus
1294 1460 1477 1541 castigarent,
1491 1478 1544 1518 ma-

487 1544 627 1605 nifestum
645 1549 705 1617 est,
722 1542 749 1602 ei
763 1541 812 1619 jus
825 1558 887 1600 esse
902 1541 1065 1620 corporales
1079 1557 1179 1618 poenas
1199 1539 1367 1621 infligendi.
1386 1542 1415 1603 Si
1429 1560 1473 1602 eas
1493 1541 1544 1619 ipsa

486 1625 639 1686 constituit
652 1629 715 1684 tum
738 1623 769 1683 in
784 1621 933 1696 interiori,
957 1632 1020 1682 tum
1040 1623 1073 1682 in
1088 1623 1225 1683 exteriori
1250 1623 1331 1693 loro,
1353 1622 1475 1684 dubitari
1495 1641 1544 1682 non

484 1715 596 1786 potest,
619 1706 691 1785 quin
706 1705 769 1784 ejus
791 1711 918 1782 potestas
932 1704 1060 1764 exterius
1073 1723 1191 1783 quoque
1207 1701 1305 1765 iorum
1320 1706 1452 1786 attingat.
1468 1705 1545 1765 Deui-

485 1806 544 1867 que
558 1789 582 1849 si
595 1787 697 1848 eadem
719 1785 838 1847 eeclesia
853 1785 900 1846 bis
915 1787 1009 1864 poenis
1022 1786 1246 1862 animadvertit,
1262 1787 1352 1846 etiam
1374 1787 1491 1848 ethnicis
1500 1787 1546 1846 do·

485 1869 683 1944 minantibus,
698 1885 765 1928 cum
779 1867 916 1928 sciliceta
931 1867 1004 1928 laico
1019 1868 1151 1946 principe
1167 1869 1246 1929 nulla
1262 1867 1430 1945 hujusmodi
1441 1867 1544 1929 incultas

486 1952 605 2014 concedi
618 1951 729 2030 potuit,
744 1949 829 2008 facile
839 1949 1032 2029 intelligitur,
1055 1968 1119 2010 eam
1140 1969 1192 2012 suo
1203 1950 1271 2029 jure
1285 1949 1363 2010 hauc
1373 1957 1543 2030 patestatem,

485 2051 546 2094 non
567 2031 738 2110 cujusquam
763 2029 908 2090 beneficio
932 2050 965 2091 ac
979 2031 1133 2112 privilegio
1160 2033 1334 2093 obtinuisse.
1360 2031 1546 2110 certequoda

487 2119 575 2175 Petro
597 2121 711 2194 gestum
737 2119 780 2171 est
794 2110 934 2171 adversus
958 2114 1101 2173 Ananiam
1122 2123 1151 2173 et
1178 2113 1350 2194 saphiram,
1374 2135 1389 2174 a
1410 2111 1546 2176 Pauload-

484 2213 587 2258 versus
604 2194 737 2272 lllymam
757 2210 891 2273 magum,
912 2200 942 2253 et
959 2193 1098 2256 adversus
1125 2195 1350 2274 blasphemum,
1381 2205 1425 2257 est
1442 2194 1546 2273 quidem

487 2284 588 2337 contra
603 2275 738 2337 ordinem
759 2275 885 2351 iactum,
906 2274 958 2337 sed
982 2284 1079 2337 tomen
1103 2277 1378 2338 ostenditecclesim
1395 2283 1546 2357 potestatem

487 2358 651 2437 corporales
664 2375 782 2436 quoque
793 2373 893 2436 poenas
907 2357 1074 2437 infligendi.
1089 2360 1228 2438 Apposite
1243 2369 1343 2419 auctor
1360 2361 1492 2434 incertus,
1506 2355 1548 2418 sed

486 2442 625 2518 antiquus
639 2439 694 2499 sub
706 2439 826 2500 nomine
841 2437 997 2518 Augustini
1012 2439 1046 2512 iu
1068 2437 1119 2500 tit.
1135 2449 1229 2501 centn
1247 2437 1388 2522 Fulpcnt.
1410 2439 1544 2502 Donatist.

489 2540 558 2602 cop.
584 2523 623 2584 25
644 2526 714 2580 tom.
741 2516 893 2581 scotti
920 2519 952 2580 in
976 2539 1048 2602 opp.
1063 2539 1131 2602 opp.
1156 2523 1188 2582 S.
1212 2525 1291 2604 dap.
1308 2521 1357 2583 ed.
1386 2525 1453 2584 Vea.
1470 2523 1546 2582 titt.

493 2632 507 2657 c
518 2606 582 2665 Non
594 2603 690 2678 enim,
707 2601 820 2680 inquit,
834 2601 926 2662 malos
941 2605 1075 2681 persequi
1091 2613 1240 2681 peecatum
1256 2613 1316 2680 est3
1337 2623 1406 2664 nam
1431 2612 1457 2664 ct
1477 2623 1548 2664 sanc-

489 2695 551 2760 tos,
567 2692 598 2743 et
612 2691 745 2744 sanctum
765 2691 932 2744 sanctornm
953 2685 1112 2746 Dominum
1136 2686 1227 2746 malos
1244 2685 1372 2766 legimus
1389 2694 1547 2765 persecutas.

488 2771 643 2829 namanes
653 2779 781 2844 namque
793 2765 1025 2843 persecutionem
1039 2765 1156 2828 Domini
1171 2785 1229 2828 non
1244 2769 1374 2829 ferentes
1387 2767 1547 2835 clamabant,

489 2849 562 2926 quid
588 2848 672 2908 nobis
695 2855 725 2907 et
753 2845 824 2922 tibi,
850 2845 892 2908 lili
919 2849 987 2922 Dei,
1015 2848 1119 2909 venisti
1144 2849 1268 2928 perdere
1294 2854 1372 2911 nos?
1400 2855 1433 2912 Et
1459 2848 1550 2911 Paulus

491 2931 624 3010 Elymam
649 2946 769 3010 magum
793 2928 873 2989 ultus
893 2936 937 2989 est
966 2930 1109 3006 caecitate,
1134 2939 1163 2991 et
1192 2931 1398 3011 blasphemum
1418 2933 1548 2993 hominen

488 3012 613 3071 tradidit
634 3014 763 3086 Satanae,
785 3017 816 3069 et
838 3013 943 3071 Petrus
965 3012 1107 3072 Ananiam
1132 3020 1162 3072 et
1182 3012 1337 3092 Saphiram
1358 3013 1421 3092 ejus
1444 3030 1549 3073 uxorem

489 3093 645 3154 mendaces
668 3091 791 3168 occidit,
813 3099 843 3151 et
860 3092 1011 3153 Simonem
1034 3112 1151 3173 magum
1172 3094 1284 3155 tamdiu
1307 3103 1477 3173 persecutus
1501 3103 1549 3167 est,

491 3176 585 3236 donec
609 3183 705 3235 morte
729 3174 899 3253 perimeret.
921 3172 977 3237 Sed
998 3183 1027 3235 et
1047 3176 1141 3236 David
1158 3176 1187 3235 in
1203 3194 1327 3253 persona
1342 3178 1451 3239 Christi
1463 3176 1551 3237 damet

491 3266 521 3316 et
532 3257 619 3317 dicit:
637 3260 800 3334 Persequar
812 3255 946 3315 inimicos
960 3274 1054 3329 meos,
1068 3264 1097 3317 et
1108 3256 1356 3336 comprehendam
1370 3260 1449 3334 illos,
1466 3266 1492 3319 et
1504 3274 1552 3317 uon

491 3346 657 3414 convertar,
685 3337 778 3398 donec
793 3336 942 3397 deliciunt.
959 3338 1094 3419 dissigari
1116 3339 1196 3415 illos,
1219 3358 1272 3401 nec
1290 3348 1432 3420 poterunt
1444 3350 1522 3401 stare.
1536 3364 1545 3389 ι·

444 3618 448 3625 ,
540 3538 571 3637 §
608 3538 669 3609 xl.
704 3538 771 3610 Sed
798 3565 887 3611 cum·
906 3542 1052 3613 criminis
1089 3542 1282 3637 magnitudo
1313 3548 1427 3641 poenas
1452 3557 1553 3640 postu·

490 3638 536 3707 let
587 3640 782 3733 asperiores,
830 3660 905 3733 quae
958 3638 1094 3710 modurn
1145 3656 1301 3737 superant
1349 3640 1554 3714 ecclesiastieae

492 3736 717 3823 coercitionis,
752 3736 885 3807 ecclesia
935 3761 1001 3808 non
1037 3736 1118 3809 iilud
1156 3740 1288 3836 suscipit
1330 3742 1377 3809 rei
1425 3738 1554 3835 patroci-

492 3836 609 3921 nium,
650 3831 740 3929 quod
789 3836 824 3904 in
869 3834 969 3905 civilis
1010 3834 1196 3931 reipublicae
1239 3835 1476 3907 detrimentum
1514 3858 1555 3901 rc·

492 3929 666 4003 dundaret.
708 3929 819 4015 Quare
856 3930 1010 4005 clericum
1052 3932 1248 4028 flagitiosum
1288 3932 1329 4003 de
1373 3934 1476 4029 gradu
1510 3929 1555 3997 di-

491 4045 613 4119 movet,
652 4045 752 4125 atque
784 4028 824 4097 ab
859 4054 893 4099 se
938 4032 1026 4127 ejicit
1067 4047 1099 4101 et
1133 4030 1244 4101 subdit
1279 4029 1363 4101 civili
1396 4028 1555 4129 potestati,

492 4151 567 4220 quae
605 4126 646 4198 de
682 4152 721 4198 eo
747 4150 858 4221 poerras
887 4132 1007 4217 sumit,
1033 4154 1113 4225 quas
1147 4146 1236 4225 aptas
1266 4145 1298 4199 et
1325 4126 1458 4199 idoneas
1479 4123 1556 4226 judi·
