3575 5625
941 561 1165 631 ...570-

514 711 639 807 legibus
677 709 806 780 lucrum
846 725 1109 804 consequantur,
1158 731 1225 778 non
1268 707 1337 778 fuco
1371 723 1402 778 et
1435 707 1536 781 fallaciis

516 807 711 879 adumbrare
751 807 892 901 speeiem
937 821 972 876 et
1003 807 1141 878 formam
1184 807 1336 893 veritatis7
1378 820 1411 873 ut
1445 831 1477 876 ea
1506 811 1538 876 sit
1618 816 1619 873 ζ

513 906 657 1002 improbi
680 917 824 1000 quaestus
867 917 901 973 et
937 903 1156 975 loenerationis
1192 902 1274 975 looo.
1318 900 1421 972 Clerici
1455 919 1538 974 tamen
1618 960 1619 993 p

514 1007 613 1076 etiam
647 1005 682 1071 in
721 1002 792 1072 loro
830 989 965 1072 exteino
996 999 1169 1098 quodlibet
1203 1025 1301 1096 genus
1338 999 1441 1070 cambii
1467 1025 1537 1094 agere
1618 1026 1619 1097 i

514 1099 754 1198 prohibentur3
799 1100 954 1193 quoniam
999 1103 1058 1196 qui
1096 1097 1155 1171 hos
1196 1112 1370 1170 contractus
1404 1112 1537 1185 exercent,
1618 1110 1619 1119 ’

514 1201 730 1293 negotiatores
773 1212 870 1284 sunt,
914 1195 1024 1293 quales
1065 1201 1123 1295 jus
1161 1196 1396 1269 ecclesiasticum
1438 1194 1538 1265 clerico

514 1321 582 1368 esse
618 1319 687 1367 non
712 1295 790 1365 sinit
806 1293 872 1390 (l)

555 1467 597 1548 (l)
621 1467 728 1528 Confer
744 1485 810 1544 qum
824 1463 889 1526 diri
909 1462 958 1525 tio.
981 1469 993 1524 l
1021 1465 1067 1527 tit.
1086 1468 1100 1526 l
1123 1463 1151 1546 S.
1172 1469 1191 1528 9
1208 1485 1281 1548 pop.
1306 1468 1343 1528 98
1365 1472 1391 1526 ct
1409 1465 1456 1538 99,
1477 1470 1539 1539 atque

512 1549 729 1612 etiam'Gircld.
755 1565 854 1629 cupos.
866 1546 934 1628 jur.
959 1544 1077 1630 Pontis.
1096 1567 1169 1630 pur.
1188 1550 1202 1608 l
1219 1557 1288 1609 sect.
1304 1550 1341 1608 73
1353 1566 1383 1628 p.
1397 1547 1448 1606 915
1464 1552 1538 1624 etseq.

563 1729 594 1826 §.
639 1727 751 1800 XXX.
795 1726 912 1823 Neque
953 1727 1059 1799 solum
1101 1728 1228 1800 cambio
1271 1730 1430 1825 pecumam
1464 1723 1541 1796 loene·

513 1843 629 1898 rantur
668 1823 835 1914 homines,
873 1823 930 1895 sed
975 1828 1073 1896 etiam
1112 1829 1283 1915 societate,
1323 1827 1409 1922 cujus
1447 1819 1543 1892 indoles

432 1945 438 1958 ·
515 1940 548 1994 et
582 1939 698 1994 natura
733 1940 803 2012 est,
841 1939 878 1994 ut
905 1947 1001 2019 aequa
1030 1925 1072 1992 sit
1097 1926 1229 2021 partitio
1263 1923 1412 2022 periculi,
1437 1919 1541 1999 damni,

514 2021 597 2091 lucri
637 2023 724 2092 inter
765 2020 847 2091 duos
887 2037 945 2092 aut
985 2020 1116 2116 plores,
1171 2025 1229 2118 qui
1272 2046 1358 2092 suum
1398 2021 1429 2088 in
1466 2015 1545 2110 aliqua

513 2121 733 2213 negotiatione
773 2121 945 2216 pecuniam
993 2135 1049 2188 aut
1093 2143 1226 2214 operam
1273 2119 1457 2191 collocarunt
1493 2112 1542 2204 (l)

516 2213 627 2301 Quare
665 2219 776 2313 iniqua
812 2231 861 2287 est
894 2219 1026 2287 societas
1060 2217 1221 2305 bocina,
1247 2243 1315 2315 qua
1346 2216 1421 2286 alter
1446 2211 1544 2283 lucrum

515 2329 668 2401 tantum,
711 2313 794 2384 alter
835 2313 994 2384 damnum
1035 2316 1163 2401 sentitr
1198 2318 1344 2412 itemque
1378 2314 1491 2384 societas
1520 2331 1544 2373 ea

515 2410 587 2504 lege
634 2413 805 2500 instituta,
851 2427 888 2480 ut
939 2411 1037 2489 alter,
1058 2416 1231 2508 quotannis
1276 2414 1399 2484 lucrum
1446 2401 1546 2501 aliquod

517 2507 682 2587 obtineat,
721 2533 757 2578 uc
797 2533 961 2603 semper„
979 2512 1048 2580 sine
1079 2509 1147 2582 ullo
1183 2513 1232 2580 sui
1272 2511 1390 2582 damno
1418 2532 1450 2578 uc
1480 2502 1546 2599 peri·

516 2605 611 2692 culo,
643 2607 804 2701 integram
833 2603 954 2677 habeat
983 2610 1176 2703 pecuniam,
1208 2625 1268 2678 aut
1295 2634 1388 2694 rem,
1422 2627 1501 2701 quam
1523 2600 1549 2664 lo

516 2705 701 2774 societatem
735 2702 894 2792 contulit,
936 2729 1010 2800 quae
1048 2707 1181 2776 societas
1209 2707 1262 2778 ud
1302 2717 1409 2804 caput
1443 2699 1548 2772 salvom

516 2801 613 2900 vulgo
644 2801 828 2899 appellatur
861 2801 928 2900 (ᾖ).
1401 2814 1404 2817 ’

557 2986 599 3067 (ll
621 2989 656 3048 L.
675 2990 713 3047 99
728 2996 828 3073 etseq.
844 2987 877 3071 ff.
892 3006 949 3069 pro
961 2988 1048 3049 socio.

571 3072 600 3150 a)
623 3070 698 3132 Vide
716 3080 809 3132 const.
831 3068 1020 3132 oetotaoito
1037 3071 1175 3133 coactio
1188 3074 1243 3150 oo,
1268 3074 1343 3135 stro
1358 3076 1384 3134 v
1400 3078 1419 3129 t.
1438 3063 1550 3149 sprot

516 3150 554 3213 on
569 3151 626 3212 lar.
643 3154 771 3214 Roman.
782 3172 857 3236 puy.
871 3155 943 3215 263.

564 3331 596 3427 §.
625 3329 760 3402 XXXI.
799 3333 876 3404 Alio
915 3335 1014 3403 etiam
1055 3333 1154 3405 modo
1189 3334 1418 3406 contrahentes
1448 3339 1553 3407 curant,

517 3444 553 3498 ut
583 3451 650 3499 non
686 3442 815 3499 tontum
859 3431 983 3525 integra
1025 3432 1067 3501 sit
1101 3456 1229 3528 semper
1259 3434 1419 3529 pecunia,
1448 3442 1497 3496 eut
1522 3446 1555 3490 res

517 3529 639 3621 quosvis
680 3524 721 3593 ab
753 3524 855 3598 alteru
891 3527 993 3617 data,
1035 3527 1093 3598 sed
1126 3531 1225 3601 etiam
1256 3546 1295 3600 ut
1315 3545 1439 3600 certum
1461 3523 1557 3593 fixum·
1618 3575 1619 3590 i

516 3648 581 3719 que
614 3626 656 3692 sit
681 3622 832 3714 lucrum,
870 3624 962 3721 quod
986 3628 1055 3722 ipse
1084 3629 1260 3721 quotannis
1291 3627 1442 3722 consequi
1471 3619 1555 3690 debet.

515 3720 557 3791 Id
586 3722 742 3792 nimirum
781 3740 917 3818 praestat
949 3749 1007 3820 per
1044 3728 1186 3797 trinum
1221 3736 1462 3810 contractum,
1484 3738 1559 3815 quen
1618 3735 1619 3808 l

516 3845 554 3890 eo
594 3821 727 3889 nomine
761 3821 980 3915 appellamus,
1018 3824 1175 3916 quoniam
1208 3849 1248 3893 ex
1282 3823 1388 3892 tribus
1430 3814 1560 3918 pactioni·
1618 3873 1620 3908 ,

515 3917 575 3987 bus
612 3918 768 3989 efficitur.
801 3918 829 3987 T
831 3920 907 3989 itius
938 3922 1126 3991 societatem
1165 3922 1231 3992 ooit
1269 3946 1346 3992 cum
1373 3913 1560 4014 Sempronio·
1618 3919 1619 3944 l

514 4019 565 4086 eui
600 4016 700 4086 tradit
736 4040 849 4087 aureos
881 4042 1035 4087 nummos
1069 4016 1180 4104 mille,
1220 4034 1258 4087 ut
1292 4020 1485 4111 negotietur.
1520 4008 1562 4078 Pt
1618 4041 1619 4094 i

514 4117 608 4184 cunia
649 4114 721 4186 haec
759 4116 934 4209 quotannis
969 4118 1114 4211 paritura
1152 4114 1280 4185 videtur
1311 4115 1443 4186 lucrum
1472 4130 1564 4181 aureo
1618 4145 1619 4200 j

1618 4391 1619 4476 l

1618 4575 1619 4662 l

1618 4777 1620 4862 t

1618 4911 1619 4984 l
