3575 5625
670 717 891 793 -111-

278 868 321 947 (1)
342 872 554 948 congregatam
577 867 608 927 in
626 869 805 927 meumeuieo
818 866 957 941 oonsilio,
971 884 1031 928 nan
1053 866 1124 929 item
1138 886 1192 949 per
1212 870 1317 933 arbem

236 950 375 1012 diliasam
392 960 422 1010 et
436 950 599 1027 dispersam
616 950 767 1009 eeclesiam
786 950 895 1009 erroris
910 957 1060 1027 expertem
1079 968 1142 1011 esse
1165 953 1318 1013 eontendit

237 1036 361 1107 tureos,
383 1050 472 1109 quem
490 1032 658 1093 ansuetius
676 1027 781 1093 histor.
798 1030 910 1091 666161.
932 1037 1005 1092 teau.
1026 1032 1046 1091 2
1069 1027 1120 1091 ish.
1139 1034 1177 1092 15
1192 1052 1278 1094 nom.
1297 1036 1318 1094 e

237 1113 332 1174 salide
345 1120 538 1191 66666616666
556 1114 706 1173 refutavit.
723 1114 756 1172 ln
770 1111 873 1172 eodem
898 1112 961 1171 luto
979 1110 1124 1172 haesitavit
1137 1113 1319 1193 Theophilus

239 1194 368 1274 Besguin
380 1193 418 1255 de
429 1196 457 1255 la
471 1192 1001 1271 661116111666,1661666666161666
1019 1211 1095 1289 nepe
1105 1192 1142 1253 66
1156 1191 1318 1258 l'lioioers.

239 1272 396 1337 66116616.
417 1277 518 1337 16661
604 1320 612 1335 .
630 1277 684 1352 18,
711 1276 841 1353 itemque
859 1277 970 1336 166166
1013 1284 1104 1335 tersus
1120 1277 1217 1354 operis
1233 1275 1269 1337 66
1289 1276 1322 1339 16

240 1357 381 1419 66666616
416 1356 453 1418 de
484 1294 688 1439 16611166.
715 1358 786 1417 665.
813 1358 952 1418 lirrorem
976 1355 1057 1416 hune
1081 1374 1162 1417 seem
1190 1358 1322 1421 16661166

241 1438 415 1500 Purisiensis
425 1456 474 1499 sn.
490 1440 586 1516 1611,
605 1439 684 1517 apud
700 1440 881 1519 1666661666
900 1438 1068 1517 episeopum
1083 1440 1322 1503 suessionensem

243 1519 402 1581 66661161
423 1538 475 1580 66.
491 1521 572 1580 liiii
585 1538 672 1580 num.
688 1520 728 1579 20
742 1520 892 1581 damnavit
914 1519 962 1580 his
978 1518 1098 1580 rerhis:
1117 1545 1131 1574 s
1151 1524 1203 1582 lloe
1220 1538 1324 1600 propo

241 1601 365 1661 sitiones
384 1602 570 1679 inquantum
598 1600 835 1663 infallibilitatem
859 1602 988 1662 eoeleeise
1008 1601 1167 1662 universali
1185 1604 1217 1663 in
1241 1604 1324 1664 nullo

242 1682 304 1743 alio
326 1690 418 1753 statu,
443 1700 533 1761 quam
554 1682 585 1743 in
609 1683 671 1744 solo
695 1682 817 1744 oonsilio
840 1683 1039 1744 OEeumeniea
1063 1686 1325 1764 6666666616161-

243 1763 357 1834 huual,
374 1766 537 1825 temerarie
555 1770 639 1841 sunt,
656 1764 710 1843 ipsi
721 1764 848 1825 eoeleste
864 1765 1016 1843 injuriosas
1026 1771 1056 1823 et
1066 1763 1224 1826 heretice.
1240 1792 1253 1819 1·
1272 1768 1326 1827 Ni-

243 1844 406 1906 hilotamen
430 1847 527 1906 minus
545 1845 631 1905 multi
647 1863 683 1906 ex
702 1844 918 1924 appellantibus
936 1844 1017 1905 huno
1034 1864 1164 1906 errorem
1188 1864 1326 1907 revocare

245 1927 310 1987 ausi
322 1936 406 2002 sunt;
421 1928 521 2005 inepte
534 1944 603 1988 sane
625 1936 655 1987 et
675 1928 809 1988 ridicule.
824 1925 958 1990 Christus
978 1924 1058 1987 enim
1072 1945 1104 1987 se
1125 1928 1253 1989 66616616
1272 1930 1326 1989 ad-

243 2007 379 2069 iuturum
398 2009 545 2087 pollicitus
558 2016 618 2085 est,
638 2006 774 2071 66661666
797 2006 899 2071 didus
915 2027 953 2070 us
974 2027 1012 2069 us
1032 2005 1075 2069 66
1091 2010 1327 2073 consummatio·

244 2106 316 2149 6666
339 2088 455 2161 soreii,
471 2108 594 2169 eamque
608 2108 724 2169 semper
737 2028 1093 2151 66666616116616666666
1116 2099 1146 2150 61
1159 2091 1327 2153 firmamen-

247 2178 313 2231 tum
333 2172 478 2249 veritatis,
505 2190 543 2232 ne
565 2170 666 2231 666166
686 2169 867 2253 fluctuantes
887 2174 950 2233 6161
967 2171 1045 2233 61661
1066 2169 1250 2253 6666611661
1271 2175 1328 2235 eir·

246 2249 458 2333 6661666166
483 2252 673 2315 6166166616
697 2252 850 2315 doctrine.
877 2254 907 2315 Si
929 2272 994 2314 eam
1008 2260 1123 2314 uatum
1150 2256 1182 2315 in
1203 2257 1327 2317 ooneilio

245 2335 1328 2497 tetesltttttltt‘tiitffltelettttttttit

389 2460 398 2491 1

246 2496 415 2568 veritatem,
432 2517 520 2576 quam
536 2516 637 2558 ornnes
656 2506 720 2559 tuta
734 2506 872 2576 66616666
891 2506 1063 2577 sequantur.
1080 2502 1172 2579 Ergo,
1194 2510 1229 2559 ut
1248 2510 1328 2561 reete

246 2577 385 2639 observat
405 2579 448 2641 Cl.
464 2579 644 2641 Mamaehius
659 2576 710 2640 hh.
729 2583 741 2639 1
769 2578 1083 2641 6666166616166166.
1100 2580 1133 2640 16
1147 2579 1328 2644 61661166

248 2654 299 2721 hee
316 2667 383 2721 6616
402 2658 511 2725 Christi
526 2670 652 2722 mortem
669 2658 838 2742 6666611666
853 2658 946 2723 16616·
963 2661 1089 2724 visionis
1106 2660 1167 2723 Dei
1176 2660 1222 2722 66.
1239 2665 1328 2725 Rom.

248 2759 303 2800 66.
329 2743 405 2803 1766
422 2760 490 2824 cop.
514 2740 577 2824 h’S.
603 2746 614 2802 l
637 2760 709 2825 pap.
733 2744 882 2826 111666,
900 2750 930 2803 61
948 2740 976 2824 S.
997 2745 1017 2805 2
1041 2761 1115 2825 paq.
1143 2744 1201 2804 169
1225 2753 1255 2806 61
1269 2747 1329 2806 let)

247 2841 325 2906 666,
343 2833 371 2885 61
385 2821 412 2904 S.
431 2827 534 2907 1666.
558 2827 618 2885 161
639 2843 717 2908 666,
735 2824 879 2903 usquead
900 2827 1103 2901 6666665111,
1124 2845 1184 2904 666
1197 2828 1329 2904 primum

247 2908 461 2966 aecumenicam
487 2907 641 2967 concilium
667 2906 802 2966 habitum
825 2915 886 2980 est,
910 2907 1007 2966 omnia
1030 2907 1141 2973 ineerta
1164 2916 1195 2968 61
1220 2911 1329 2970 erroris

249 2985 335 3064 plenu
350 3005 412 3048 esee
427 2987 608 3062 debuerunt,
623 2989 784 3066 eademque
806 2988 863 3046 erit
874 2988 950 3046 66116
963 2992 1129 3047 oeterorum
1144 2995 1328 3066 temporum,

248 3067 358 3144 quihus
380 3069 498 3130 ecelesia
519 3071 613 3129 666611
626 3067 814 3129 oeeumenieis
833 3068 982 3144 conciliis,
998 3087 1065 3146 quae
1079 3085 1147 3126 raro
1169 3067 1328 3130 hahentur.

249 3151 316 3224 Quo
337 3151 410 3227 6616
439 3152 531 3231 magis
555 3151 660 3211 laisum
687 3159 717 3210 61
739 3147 833 3228 magis
857 3148 1020 3209 absurdum
1044 3146 1102 3207 diei
1126 3146 1259 3228 fingique
1278 3167 1329 3228 po·

248 3232 327 3290 teet?
349 3233 413 3294 Nun
429 3241 496 3292 utar
509 3232 650 3310 exemplis
670 3232 752 3293 Pauli
776 3231 973 3306 Samosateni,
988 3229 1134 3301 11661661,
1158 3231 1328 3308 Neratium,

249 3311 360 3391 Pelagii
386 3321 416 3374 et
428 3313 569 3390 eliorum,
587 3315 637 3391 qui
661 3322 742 3374 extra
761 3313 975 3374 oeeumenieum
993 3311 1163 3390 concilium,
1189 3312 1329 3392 disperse

248 3393 379 3454 eeeleeioe
392 3413 552 3470 consensu,
567 3395 696 3455 damnati
719 3402 807 3489 supe,
823 3411 920 3490 neque
934 3395 1006 3455 item
1020 3391 1159 3470 alierum,
1173 3413 1241 3473 666
1260 3404 1331 3456 6661

248 3480 680 3637 111.11”ἒ.1111ῗ“1111
687 3481 878 3637 iiiiii·
890 3476 1331 3638 ,itltl‘ttttllililt

248 3636 342 3697 iidem
364 3640 543 3718 appellantes
567 3637 724 3718 repudiare
749 3657 807 3700 non
830 3648 967 3716 pessum,
989 3639 1087 3717 inquit
1111 3646 1209 3700 autem
1236 3640 1331 3720 ipsel

248 3721 397 3781 16616661.
415 3740 470 3782 666
482 3717 592 3802 11161166
606 3739 639 3780 u.
657 3723 690 3780 11
715 3745 727 3774 ιι
744 3723 775 3781 S.
796 3722 942 3800 Angustia
956 3721 1055 3780 66666
1069 3721 1201 3800 torsiones
1217 3721 1245 3780 16
1266 3741 1331 3783 sen·

250 3803 359 3862 timent
380 3802 575 3882 (eonsensum)
598 3802 635 3862 de
655 3801 762 3881 l'dglise
788 3818 863 3880 pour
888 3819 947 3863 une
971 3797 1084 3862 6611666
1103 3803 1268 3863 eonrietion
1292 3803 1331 3863 de

249 3885 277 3948 la
291 3884 397 3945 666116.
412 3910 425 3936 a
446 3885 503 3947 Alii
519 3901 589 3943 veru
599 3891 669 3943 sunt
681 3901 717 3944 66
731 3883 962 3963 appellantibus,
976 3883 1028 3962 661
1046 3882 1184 3961 dispersae
1201 3884 1331 3944 eoelesioe

219 3963 227 3972 '
251 3967 455 4028 auctoritatem
476 3966 507 4026 in
523 3964 681 4024 discrimen
699 3983 758 4024 nnn
781 3965 1009 4042 revoeant,‚sed
1028 3971 1145 4040 166166,
1160 3972 1195 4024 61
1212 3981 1245 4023 ea
1266 3972 1330 4023 6616

252 4046 337 4108 iirmu
357 4049 411 4123 sit,
427 4047 559 4108 amnium
575 4065 747 4106 eonsensum
763 4048 911 4124 postulent
926 4047 1115 4122 unanimem,
1131 4052 1161 4105 et
1179 4061 1247 4106 eum
1261 4045 1330 4122 qui-

254 4129 320 4189 dem
350 4147 410 4189 non
434 4128 590 4203 moralem,
614 4128 665 4188 sed
688 4127 843 4207 physicum
863 4135 893 4187 et
911 4127 1091 4200 ahsolutum,
1120 4127 1193 4186 aden
1216 4131 1249 4182 ut
1271 4142 1331 4184 eer-

255 4219 316 4271 tum
339 4211 470 4271 eeelesiae
481 4209 625 4287 judicium
650 4209 752 4270 haberi
768 4227 825 4268 non
840 4210 948 4286 possit,
964 4209 1011 4268 661
1031 4204 1137 4283 aliquis
1161 4205 1328 4284 episeopus,

255 4299 303 4352 661
317 4291 413 4371 aliqua
425 4292 549 4372 insignis
562 4291 680 4353 eeclesia
700 4291 882 4367 adversetur,
900 4291 973 4368 quin
986 4288 1148 4356 absolutam
1165 4287 1330 4350 16666666-
