3575 5625
653 645 849 716 ..75-

203 794 282 866 tales
318 792 361 864 de
400 791 614 890 exprimenda
655 795 829 866 vocationis
868 819 981 886 causa,
1022 819 1146 894 reoque
1186 797 1285 869 simul

201 889 377 964 offerendo
422 889 535 962 libello
575 915 644 962 non
689 890 869 964 admodum
908 890 1079 982 laborant3
1123 894 1181 966 sed
1214 895 1284 993 jam

201 991 270 1064 iere
311 991 437 1087 ubique
466 989 615 1085 gentium
652 989 798 1062 moribus
836 1015 963 1087 usuque
1003 991 1065 1062 scri
1110 1009 1283 1090 receptum

201 1105 270 1178 est,
316 1104 355 1160 ut
382 1087 516 1160 decreto
554 1087 625 1184 ipso
665 1088 826 1160 citationis
855 1113 950 1160 carna
985 1089 1207 1186 significetur,
1235 1089 1285 1162 rel

199 1185 303 1258 simul
328 1211 386 1259 reo
412 1185 542 1258 libellus
573 1183 743 1258 offeratur.

241 1333 286 1412 (t)
310 1331 452 1395 Pluribus
468 1351 538 1394 sane
557 1332 653 1394 medie
668 1330 698 1395 id
719 1331 783 1393 fieri
806 1332 936 1413 potuisse
956 1333 1060 1394 scribit
1084 1333 1226 1414 Ulpianus
1256 1335 1287 1394 in

201 1416 239 1475 t.
266 1419 283 1475 t
315 1414 351 1498 ff.
375 1413 412 1476 de
433 1413 529 1476 Eden.
556 1416 664 1478 confer
689 1415 875 1476 Heinecciunr
896 1414 1042 1500 nunquit.
1070 1412 1121 1476 lib.
1151 1419 1171 1477 la
1197 1416 1288 1476 tite

201 1495 230 1576 5.
248 1499 290 1556 ts
315 1515 387 1578 opp.
410 1505 482 1558 teas.
506 1499 525 1557 5
547 1515 620 1579 paq.
641 1499 702 1558 tet
721 1495 768 1559 ed.
787 1499 888 1579 Neup.
910 1500 1008 1575 tttt3
1036 1497 1211 1560 Roevardum
1234 1495 1287 1559 tte.

203 1575 418 1640 emeruerat.
442 1597 477 1638 ru
501 1623 509 1640 .
542 1581 562 1640 i
586 1597 655 1662 epp.
678 1585 749 1640 tem.
773 1581 884 1662 ηας.
914 1582 975 1640 200
999 1577 1071 1642 edit.
1097 1579 1193 1662 Necp.
1222 1579 1286 1656 eit.;

204 1659 361 1736 cujacium
385 1660 451 1722 iate
494 1657 575 1723 ‚tnta
604 1659 693 1722 stit.
719 1677 789 1754 epp.
815 1667 838 1722 t.
868 1661 906 1722 10
934 1659 989 1723 cel.
1013 1662 1074 1722 828
1097 1657 1145 1722 ed.
1171 1661 1285 1724 Mutia.

205 1743 309 1818 tm,-
333 1742 490 1802 nunctum
508 1741 541 1804 a'a
558 1739 622 1803 ced.
650 1738 672 1803 Ι.
696 1743 715 1802 2
739 1748 786 1802 tat.
813 1745 825 1803 t
910 1785 918 1801 .
945 1749 968 1802 t.
990 1743 1009 1804 t
1030 1737 1086 1804 cel.
1111 1744 1147 1804 tt
1174 1751 1203 1805 ct
1225 1761 1286 1824 aeq.

206 1821 253 1884 cd.
271 1825 362 1884 Lucu
375 1821 442 1899 eit.‚·
456 1831 567 1886 ceteros
582 1823 758 1904 interpretes
771 1821 808 1886 ad
823 1823 858 1884 tit
892 1842 943 1885 urn
957 1821 994 1887 de
1007 1821 1130 1888 edenda.

247 1903 294 1986 (ἢ)
317 1902 432 1966 Nectit.
454 1907 493 1968 53
508 1924 575 1990 cup.
595 1909 627 1968 t.

255 2046 291 2148 §-
332 2047 446 2122 xvll.
485 2049 648 2123 Praeterea
681 2049 900 2147 designandus
931 2066 981 2122 est
1017 2049 1135 2149 judicii
1169 2049 1285 2140 locus,

207 2160 246 2217 ut
279 2173 357 2218 reus
388 2163 520 2238 noscat,
553 2174 620 2246 que
653 2151 722 2246 ipsc
746 2151 875 2236 venire,
910 2164 946 2219 et
978 2173 1012 2220 se
1042 2147 1148 2247 judici
1175 2150 1288 2222 sistere

208 2261 410 2340 presentem
441 2245 583 2336 debeat,
609 2263 643 2318 et
674 2245 770 2318 simul
794 2245 974 2342 intelligat,
1004 2272 1086 2318 num
1114 2246 1205 2319 locus
1232 2245 1288 2319 ille

210 2357 303 2414 tutus
336 2346 393 2414 sit.
431 2344 618 2415 Praesertim
645 2369 722 2416 vero
745 2345 772 2414 si
799 2341 966 2440 delegatus
999 2345 1039 2414 sit
1062 2343 1185 2442 juder,
1215 2371 1289 2415 cer-

210 2455 283 2510 tum
325 2443 362 2512 in
399 2443 552 2514 citstcriis
582 2441 699 2514 litteris
732 2439 874 2514 indicare
913 2441 1023 2514 lecum
1061 2445 1197 2513 omniuo
1226 2467 1290 2514 ne-

210 2563 299 2608 cesse
338 2554 407 2626 est3
445 2540 601 2637 quoniam
638 2539 686 2610 illi
728 2539 838 2610 nullus
872 2555 922 2611 est
953 2538 1142 2638 hujusmodi
1176 2536 1288 2629 locus,

210 2633 250 2704 ad
284 2661 389 2732 quem
420 2661 496 2708 reus
525 2653 614 2709 certo
655 2640 765 2708 tenire
798 2639 913 2734 possit.
953 2635 989 2708 si
1021 2636 1205 2709 ordinarius
1242 2653 1290 2708 est

212 2731 337 2825 aden,
366 2737 425 2831 qui
461 2751 551 2806 certo
595 2731 669 2806 loco
706 2733 852 2805 tribuual
888 2734 1013 2827 habet,
1048 2734 1130 2806 nihil
1173 2737 1291 2806 attinet

206 2757 303 2905 dunc
344 2830 454 2904 locum
493 2836 695 2929 exprimere,
726 2834 787 2903 nisi
818 2835 886 2931 ipse
918 2832 997 2905 velit
1034 2832 1098 2905 alio
1131 2832 1204 2905 loco
1235 2834 1291 2931 jus

212 2928 375 3019 reddere,
422 2956 520 3028 quarn
562 2955 630 3027 quo
671 2928 810 3002 reddere
845 2934 1013 3003 censuerit
1048 2931 1118 3027 (1).
1165 2929 1233 3001 Sed
1257 2946 1292 3002 et

213 3042 305 3098 tutus
334 3025 434 3099 debet
458 3052 525 3099 esse
551 3026 662 3117 locus,
690 3029 725 3097 in
751 3053 818 3124 quo
832 3028 996 3127 judicium
1022 3044 1071 3101 est
1099 3026 1290 3123 agendum,

214 3138 245 3193 ct
262 3150 327 3220 per
350 3150 450 3221 quem
480 3128 656 3197 necessarie
687 3128 840 3196 transitus
869 3124 1035 3197 faciendus
1060 3138 1109 3197 est
1137 3149 1193 3195 reo
1213 3123 1290 3221 (ῆς

214 3220 296 3293 adeo
341 3237 381 3291 ut
412 3224 437 3292 si
472 3221 681 3295 manifestum
712 3224 773 3314 sit,
817 3222 930 3294 locum
960 3237 1071 3293 tutum
1103 3244 1171 3293 non
1198 3246 1291 3311 esse,

214 3318 309 3391 nulla
342 3322 384 3391 sit
418 3322 527 3393 citatio
568 3322 638 3417 ipso
670 3322 748 3419 jure
786 3320 864 3418 (ὅ),
896 3322 924 3392 si
951 3346 1022 3392 uon
1050 3322 1095 3392 ita
1120 3318 1162 3389 sit
1183 3320 1293 3390 mani-

215 3416 360 3507 festum,
392 3417 492 3489 valeat
526 3418 660 3515 quidem
700 3421 830 3509 citatio,
871 3419 929 3491 sed
962 3442 1038 3491 reus
1070 3415 1293 3490 demonstrare

216 3513 359 3605 debeat,
390 3541 466 3587 eum
493 3514 553 3586 sibi
582 3515 692 3589 lecum
717 3531 829 3588 tutum
861 3541 928 3591 nou
959 3542 1027 3590 esse
1050 3516 1117 3615 (t).

254 3662 281 3743 (ι
324 3660 624 3743 crepante.

256 3744 287 3823 (2
326 3740 460 3806 clem
492 3742 529 3806 dc
551 3746 670 3807 Santra.
697 3752 725 3807 et
751 3762 783 3806 rc
801 3743 921 3827 jadic.‚·
944 3764 1012 3828 cap.
1040 3748 1060 3807 t
1087 3746 1127 3807 Ut
1153 3741 1201 3807 tit.
1234 3762 1295 3807 aen

218 3832 353 3903 contest,
369 3826 400 3885 in
437 3825 495 3886 uod
512 3826 581 3887 vide
594 3827 809 3890 Gonzalezium.

271 3906 538 3987 mfflssmz

272 3990 304 4069 t)
327 3990 401 4071 Cap.
428 3987 487 4069 75.
511 3990 529 4049 5
556 3986 592 4049 de
611 3990 731 4050 Santra.
752 4008 863 4052 caeam.
884 3988 917 4049 t'n
941 3990 972 4050 6.
996 3991 1034 4051 at
1056 3990 1135 4051 cuim
1154 4008 1223 4051 reus
1243 4007 1296 4068 per

219 4080 440 4147 procuratorem
463 4070 641 4150 respondere
656 4080 766 4151 potest,
781 4090 848 4131 curn
862 4078 945 4131 tutus
957 4087 1017 4130 non
1031 4079 1075 4132 est
1086 4071 1189 4151 judieii
1203 4070 1295 4130 iocus.

222 4154 270 4211 Est
284 4150 342 4212 huc
362 4170 432 4213 sane
448 4169 568 4228 verum3
588 4150 639 4213 sed
663 4171 714 4214 rea
733 4153 812 4232 iusta
833 4152 980 4213 excusatio
1001 4151 1040 4212 eb
1062 4151 1138 4213 hanc
1162 4150 1296 4212 eamdem

221 4250 338 4295 causant
355 4242 415 4311 est,
430 4233 509 4313 qued
525 4234 737 4315 perseipsum
756 4235 934 4314 respendere
948 4250 1008 4295 uon
1026 4240 1131 4312 potest.
