3575 5625
907 657 1129 730 -tht-

513 812 556 895 (1)
579 813 651 954 cop.
676 813 715 874 18
727 809 754 893 S.
775 807 980 873 tolerantem.
997 827 1185 869 excommun.
1204 807 1235 868 io
1251 809 1284 884 6,
1301 825 1367 885 quoe
1381 807 1555 882 decretalis,

474 895 589 956 tametsi
632 901 760 972 oquutur
787 892 826 952 de
851 892 913 953 cola
936 887 1237 968 celebrationesque
1261 889 1299 950 ad
1326 889 1556 951 celebrationem

472 979 567 1039 Missae
601 975 758 1036 reserenda
787 973 955 1050 videretur,
986 981 1083 1034 tamen
1113 972 1308 1050 interpretum
1335 973 1481 1033 sententia
1517 973 1556 1032 ad

473 1059 572 1119 omnia
586 1056 686 1118 divina
699 1055 794 1117 officia
809 1055 994 1134 producitur.

515 1140 557 1221 (2)
581 1136 723 1200 Clerncrtt.
743 1140 756 1200 1
776 1135 813 1199 da
827 1135 975 1218 aepultur.

516 1221 559 1302 (ὅ)
584 1217 724 1282 cierunt.
742 1223 754 1280 1
774 1217 810 1280 dc
823 1228 935 1280 conten.
950 1235 1062 1280 aaroni.

523 1375 554 1544 ἓ.
586 1374 677 1445 Vlll.
714 1373 831 1445 Localc
866 1373 1080 1445 interdictum
1108 1377 1251 1446 coercito
1286 1399 1311 1444 o
1342 1375 1476 1446 divinis
1508 1377 1557 1445 in·

473 1457 532 1547 ter¹
550 1499 607 1544 um
647 1471 832 1568 appellatur
875 1472 952 1568 (i);
1001 1474 1155 1569 quoniam
1203 1469 1311 1541 divina
1355 1489 1480 1542 cessant
1520 1475 1557 1542 in

473 1573 553 1644 locis
583 1569 776 1642 interdictis.
819 1567 887 1640 Sed
925 1571 1058 1668 proprie
1088 1575 1230 1641 cerrott'o
1263 1596 1287 1640 a
1319 1569 1451 1642 divinia
1486 1573 1557 1642 sine

470 1669 592 1770 judicis
618 1667 750 1740 decreto
784 1668 853 1764 ipso
883 1669 962 1765 jure
1001 1665 1188 1758 inducitur,
1221 1693 1258 1738 ac
1285 1691 1344 1764 per
1370 1691 1443 1737 eam
1472 1693 1557 1764 pro-

476 1769 632 1839 hibentur
659 1767 767 1838 clerici
801 1765 910 1836 divina
941 1767 1048 1838 officia
1075 1789 1248 1861 peragere,
1287 1791 1324 1836 ac
1355 1783 1560 1838 sacramenta

475 1865 703 1936 administrare
744 1866 779 1935 in
815 1861 925 1962 eliqua
958 1861 1114 1961 peculiari
1144 1861 1293 1951 ecclesia,
1329 1887 1408 2030 θυῖε
1444 1861 1560 1936 homi-

475 1963 580 2052 cidio,
620 1979 676 2032 aut
713 1962 893 2050 adulterio,
926 1977 984 2031 aut
1013 1961 1074 2033 alio
1117 1963 1253 2032 crimine
1285 1986 1328 2057 po

1358 1963 1446 2031 uitur
1495 1963 1556 2033 2:

478 2076 517 2131 ut
551 2059 698 2130 salutaria
740 2059 863 2157 populo
909 2075 1015 2131 terror
1055 2075 1088 2130 et
1125 2061 1269 2129 criminis
1310 2058 1425 2130 horror
1466 1963 1560 2132 ilcll

476 2163 588 2230 tiutur.
618 2157 695 2229 Non
729 2173 778 2227 eat
812 2173 924 2227 tumen
963 2182 1115 2246 censura,
1152 2183 1227 2228 cum
1262 2158 1397 2229 nonsit
1432 2181 1556 2252 poena,

477 2281 554 2352 quoe
598 2252 640 2326 ad
677 2254 942 2326 emendationem
985 2258 1168 2349 irrogetur,
1209 2253 1266 2326 sed
1299 2255 1408 2351 potius
1453 2259 1560 2350 gravis
1675 2276 1676 2352 ᾗ

476 2355 518 2422 ab
551 2353 682 2424 eeclesia
705 2355 856 2448 concepti
895 2351 1016 2424 doloris
1047 2351 1204 2424 indicium
1245 2368 1306 2424 est.
1340 2352 1456 2448 ltaque
1487 2354 1561 2449 ejus

476 2448 605 2520 violatio
637 2451 741 2542 gravis
772 2448 906 2544 quidem
944 2449 1038 2546 culpa
1072 2467 1140 2539 est,
1170 2449 1257 2520 haud
1292 2466 1402 2521 tamen
1436 2453 1562 2546 irregu-

477 2547 640 2617 laritatem
669 2544 797 2616 inducit
829 2547 898 2641 (ὅ).
930 2547 1055 2618 Verum
1088 2548 1248 2643 regulares
1291 2574 1361 2619 eam
1401 2547 1560 2620 violantes

479 2645 804 2716 excommunicantur
828 2643 895 2740 (4).

520 2818 562 2897 (1)
585 2815 726 2878 Clcmcot.
743 2820 757 2879 1
773 2815 942 2879 decantant.
961 2821 1174 2881 reconcinnatio.
1200 2836 1201 2841 ¹

521 2902 563 2977 (⁶2)
586 2901 659 2979 Cap.
677 2895 734 2960 ult.
752 2897 787 2961 dc
801 2918 930 2961 emeretr.
946 2898 1043 2963 erclen

523 2980 565 3059 (5)
588 2984 661 3061 Cop.
677 2983 715 3042 18
727 2979 886 3043 decentem.
900 2983 1114 3043 cacotnmuaic.
1129 2984 1159 3042 in
1176 2990 1206 3048 6.

524 3062 565 3141 (t)
589 3060 758 3125 Clementi
776 3061 935 3126 detenter.
952 3066 1163 3125 extortiotunir.
