3575 5625
875 635 1099 708 -152-

497 786 528 888 ς.
557 785 603 857 Χ.
629 786 744 882 Atque
773 783 846 857 haec
870 783 1006 880 quidem
1033 783 1142 879 regule
1154 785 1238 883 juris
1263 800 1336 874 cst,
1366 789 1524 860 utnulla

449 885 597 980 exceptio
627 885 737 977 egenti
765 879 809 952 de
838 880 944 978 spolio
981 884 1104 978 opponi
1130 883 1244 979 possit.
1278 880 1404 954 Verum
1432 901 1524 956 estre

449 981 601 1054 ordinem
647 982 852 1075 exceptiones
892 977 1126 1050 admittuntur.
1175 976 1230 1050 Sic
1276 979 1436 1052 eudiendo
1473 999 1525 1054 est

448 1081 596 1174 exceptio
642 1077 870 1174 proprietatis,
915 1077 966 1148 vcl
1014 1101 1090 1173 quse
1134 1079 1322 1173 petitorium
1370 1080 1521 1176 respicit,

448 1175 507 1247 ubi
541 1189 631 1247 ector
667 1177 829 1245 consentit
864 1173 932 1271 (1).
970 1171 1093 1246 Contra
1127 1173 1222 1270 spolii
1258 1175 1419 1247 actionem
1460 1177 1524 1248 ed-

447 1274 591 1344 mittitur
629 1273 776 1368 exceptio
812 1271 928 1368 spolii,
958 1273 984 1341 si
1017 1287 1107 1343 actor
1145 1274 1180 1341 in
1210 1269 1271 1340 elia
1302 1296 1394 1344 cause
1426 1298 1524 1344 reum

446 1370 615 1467 spoliavit,
653 1367 735 1439 adeo
778 1384 817 1439 ut
843 1365 1051 1465 probationes
1086 1393 1184 1464 super
1228 1367 1290 1438 hac
1332 1373 1524 1466 exceptione

446 1470 594 1564 primum
625 1464 800 1537 noscendis
829 1466 915 1554 siut,
950 1465 1069 1562 quibus
1099 1461 1275 1555 absolutis,
1316 1490 1390 1545 reus
1420 1471 1522 1540 ector-i

447 1565 489 1636 de
512 1565 618 1660 spolio
642 1564 751 1657 egenti
775 1561 975 1658 respondere
1003 1587 1072 1634 nou
1108 1565 1258 1658 cogitur,
1291 1565 1352 1633 nisi
1381 1563 1422 1634 ob
1450 1567 1523 1661 ipso

446 1663 616 1732 restitutus
651 1660 771 1748 luerit,
837 1662 970 1731 uoniam
1011 1663 1158 1757 exceptio
1196 1659 1291 1755 spolii
1333 1685 1372 1730 ex
1407 1685 1521 1732 earum

448 1782 588 1830 nomem
610 1773 679 1846 est,
718 1781 798 1854 quse
813 1686 894 1827 litis
928 1759 1107 1854 ingressum
1137 1755 1324 1854 impediunt
1353 1755 1420 1852 (ᾖ).
1453 1757 1523 1830 Ex-

444 1859 552 1952 ceptio
587 1855 875 1948 consanguinitatis
909 1857 1034 1950 opponi
1079 1869 1187 1950 potest
1225 1855 1343 1925 merito
1393 1880 1412 1926 s
1453 1880 1522 1952 quo

446 1976 530 2022 uxor
575 1949 739 2036 discessit,
788 1951 816 2019 si
853 1949 940 2022 illim
976 1950 1191 2024 demonstrari
1231 1966 1332 2046 quest
1373 1950 1446 2047 (5),
1494 1956 1522 2022 si

446 2049 628 2142 graviorem
654 2044 896 2140 indagationem
933 2046 1099 2142 postulet,
1140 2049 1285 2146 rejicitur
1314 2064 1347 2120 et
1391 2051 1524 2122 restitu-

447 2148 494 2217 tio
519 2143 707 2214 decernitur
734 2141 802 2238 (4).
831 2141 869 2218 Si
892 2158 983 2216 ector
1012 2149 1241 2239 possessorium
1270 2161 1304 2216 et
1329 2147 1521 2240 petitorium

446 2238 614 2330 cumulet,
659 2264 806 2311 recusem
845 2244 963 2338 nequit
1001 2245 1227 2340 exceptiones,
1270 2265 1348 2340 quae
1394 2247 1521 2338 petito-

444 2342 532 2410 rium
557 2338 736 2433 respiciunt
751 2336 818 2433 (5).

482 2509 525 2590 (t)
549 2513 622 2592 cop.
644 2511 658 2570 t
676 2507 711 2570 dc
725 2507 828 2571 sectr.
845 2507 965 2590 spoliat.
982 2509 1025 2590 (⁹2)
1042 2513 1115 2592 Cap.
1130 2512 1149 2570 2
1163 2505 1197 2570 dc
1214 2507 1322 2572 ordin.
1339 2510 1450 2592 coquit.

485 2592 528 2754 (ξ)
551 2595 626 2673 Cap.
644 2592 683 2652 lo
698 2588 734 2651 de
747 2589 850 2652 Restit.
863 2589 983 2671 spoliat.
997 2591 1039 2672 (t)
1056 2593 1129 2672 Cap.
1144 2593 1184 2652 10
1195 2589 1259 2653 cod.

550 2676 626 2754 Cap.
642 2670 711 2734 ede
725 2689 808 2734 cous.
821 2690 949 2754 possess.
963 2683 990 2733 et
1002 2672 1146 2754 proprios.

490 2820 523 2921 §.
551 2819 614 2891 Xl.
643 2818 750 2891 Simili
776 2818 877 2891 modo
914 2818 1074 2891 audienda
1106 2814 1155 2891 est
1186 2820 1333 2916 exceptio
1355 2818 1519 2893 delicien-

442 2922 484 2989 tis
501 2918 710 3015 possessionis
738 2915 812 3013 (l),
843 2914 895 2988 sel
926 2919 1025 2987 etism
1063 2915 1152 3013 quod
1182 2919 1254 3013 quis
1276 2916 1318 2987 ad
1351 2917 1520 3013 possiden-

436 3016 525 3087 dum
564 3016 701 3086 minime
745 3029 840 3111 uptus
876 3029 910 3084 et
941 3014 1080 3085 idoneus
1117 3013 1199 3101 tuit3
1251 3031 1423 3110 propterea
1459 3042 1518 3088 re-

442 3111 627 3185 stituendus
650 3136 719 3183 non
747 3126 796 3183 est
824 3109 948 3200 laicus,
978 3114 1035 3207 qui
1072 3136 1111 3181 ex
1139 3110 1354 3207 spiritualium
1387 3136 1518 3208 posses·

440 3212 531 3281 sione
576 3209 721 3306 dejectus
751 3223 811 3279 est.
854 3206 945 3277 ldem
983 3210 1025 3277 sit
1052 3208 1216 3305 judicium
1255 3207 1298 3278 de
1326 3212 1519 3303 exceptione

440 3308 562 3376 ritiosae
599 3306 822 3397 possessionis,
862 3305 916 3373 cui
942 3306 998 3401 jus
1041 3328 1217 3375 commune
1251 3321 1362 3401 aperte
1396 3304 1518 3376 adrer-

439 3416 541 3469 satur.
570 3399 617 3471 lte
644 3402 701 3494 qui
727 3397 883 3495 spoliatus
912 3415 961 3469 est
992 3399 1146 3490 decimis,
1180 3426 1259 3496 quus
1288 3404 1381 3472 sein
1410 3400 1516 3473 elieua

440 3498 579 3593 paroecia
604 3494 755 3565 habuisse
779 3495 972 3587 contendit,
1014 3524 1082 3569 non
1116 3500 1316 3586 restituitur,
1357 3499 1418 3567 nisi
1446 3501 1518 3594 pri·

440 3618 533 3661 mum
566 3590 736 3663 evidenter
775 3592 924 3663 ostendat
960 3596 1037 3690 jure
1070 3619 1104 3667 se
1140 3620 1252 3665 cerum
1282 3596 1515 3691 possessionem

439 3689 620 3761 obtinuisse
648 3686 715 3785 (ἓ).
756 3686 873 3785 Neque
910 3689 1072 3761 dissimilis
1114 3694 1196 3763 ratio
1230 3709 1280 3764 cst
1316 3694 1538 3788 exceptionis·

464 3789 572 3856 riretae
609 3788 829 3881 occupationis
862 3788 896 3857 in
925 3788 1003 3883 jure
1040 3792 1206 3885 permissae
1244 3814 1281 3859 sc
1317 3791 1416 3887 justes
1458 3788 1516 3859 de-

437 3812 603 3956 lensionis.
637 3880 728 3953 Licet
764 3885 854 3953 enim
877 3886 987 3955 stetim
1010 3887 1075 3955 vim
1103 3887 1136 3957 vi
1169 3884 1347 3982 repellere,
1380 3911 1441 3957 nec
1468 3888 1516 3957 ris

436 3981 524 4052 illato
550 3979 670 4051 dicitur
697 3980 739 4051 eb
767 4004 830 4070 eo,
859 3982 917 4077 qui
946 3980 1032 4053 illico
1058 3983 1260 4080 rejicientem
1290 4008 1401 4053 rursus
1426 3982 1516 4081 deji-

436 4082 480 4147 cit
503 4079 570 4176 (5).
607 4074 733 4149 Eodem
761 4075 833 4149 loeo
870 4094 918 4149 est
950 4081 1095 4176 exceptio
1132 4078 1244 4149 damni
1278 4078 1510 4177 irreparabilis.

436 4176 485 4245 lta
527 4176 645 4247 mulier
685 4200 753 4247 non
787 4176 897 4246 statim
940 4179 1009 4247 riro
1051 4175 1271 4266 restituendo,
1308 4179 1334 4247 si
1380 4175 1514 4247 iusidias
