3575 5625
902 650 1122 718 -177-

472 819 542 881 pop.
561 801 637 875 5875
653 799 695 861 Cl.
713 797 888 861 Gerbertum
903 795 1025 859 ecclesio
1038 796 1175 861 militana
1193 809 1246 861 etc.
1267 820 1332 883 cop.
1355 799 1411 863 ult.
1436 810 1507 863 um.
1532 806 1554 862 7

473 900 542 963 pap.
557 884 634 956 558,
649 888 678 940 et
690 881 860 960 Bolgeuium
873 879 1002 961 rispoato
1011 878 1044 941 ol
1053 881 1166 962 querito
1176 900 1269 945 causo
1279 887 1295 945 l
1304 904 1350 945 un
1359 882 1553 965 appellante?

474 981 532 1041 quo
548 964 668 1040 quidem
692 963 821 1043 graviter
847 980 1028 1040 nervoseque
1054 964 1201 1025 refutatur
1223 966 1369 1045 quidquid
1391 966 1429 1025 ab
1454 966 1556 1043 appel·

474 1046 619 1119 lantibus,
641 1044 797 1103 novissime
817 1051 916 1103 autem
934 1044 972 1103 ab
986 1061 1088 1104 eorum
1110 1046 1220 1126 gregali
1244 1050 1333 1108 Petro
1360 1046 1553 1108 lamburinio

475 1126 659 1205 proponitur.
680 1124 756 1186 lllud
770 1132 917 1205 postremo
936 1125 1059 1201 addam,
1074 1128 1155 1204 quod
1168 1134 1212 1187 est
1228 1129 1266 1189 ub
1288 1130 1352 1207 ipso
1365 1131 1477 1189 loauue
1497 1132 1554 1190 Lu·

476 1208 578 1269 dovico
598 1206 774 1283 lloshcmio‚
796 1208 935 1268 hoeretioo
954 1207 1075 1285 quidem
1095 1208 1230 1285 bomine,
1253 1211 1305 1271 sed
1328 1211 1414 1271 docto
1437 1217 1467 1270 et
1487 1228 1555 1270 eru·

475 1289 552 1362 dito,
568 1289 805 1349 animadversum
826 1314 839 1343 ιι
856 1292 900 1350 De
915 1288 1059 1369 gallorum
1077 1291 1321 1369 appellationibus
1339 1291 1377 1352 ad
1395 1291 1555 1352 concilium

474 1372 618 1431 universae
638 1371 779 1447 ccclesiae,
804 1370 948 1431 unitatem
966 1371 1094 1431 ocdeaiae
1118 1372 1304 1452 speciabilem
1329 1373 1513 1448 tollentibus,
1532 1398 1546 1426 n

474 1453 583 1513 scilicet
599 1454 759 1532 pugnantia
779 1452 859 1529 loqui
879 1452 943 1514 illos
964 1452 1138 1529 catholicos,
1166 1453 1217 1533 qui
1239 1473 1276 1515 ex
1294 1456 1427 1517 Primalu
1449 1455 1552 1516 Diviui

473 1534 547 1613 juris
566 1536 730 1595 Romanum
751 1532 923 1596 Pontificem
946 1536 1037 1595 totius
1057 1536 1185 1597 ecclesiae
1205 1544 1236 1597 el
1258 1536 1408 1598 catholicoe
1431 1536 1556 1595 unitatis

475 1622 609 1677 centrum
624 1614 818 1694 profiteatur,
833 1623 863 1675 et
880 1616 968 1676 simul
982 1617 1019 1676 ab
1037 1616 1100 1693 ejus
1115 1617 1228 1695 judicio
1241 1620 1377 1698 generale
1394 1617 1554 1679 concilium

475 1696 613 1775 appellari
635 1715 718 1775 posse
732 1697 926 1759 contendunt.
950 1698 1061 1759 Placuit
1076 1697 1197 1761 laudare
1214 1698 1271 1759 hoc
1283 1700 1503 1770 testimonium,
1519 1706 1555 1759 ut

476 1798 577 1839 omues
595 1778 774 1860 intelligant
796 1778 876 1858 quod
895 1779 950 1858 ipsi
972 1779 1102 1840 baeretici
1123 1789 1285 1862 agnoscunt
1303 1789 1334 1842 et
1351 1780 1552 1855 confiteatur,

475 1860 681 1939 appellationes
705 1861 743 1922 ad
764 1861 899 1921 luturum
927 1862 1083 1922 concilium
1110 1880 1178 1923 cum
1200 1861 1340 1925 calholica
1370 1863 1493 1923 veritate
1514 1860 1555 1922 de

477 1943 608 2005 Primatu
623 1944 730 2002 summi
754 1941 904 2003 Pontificis
921 1943 1078 2003 convenire
1102 1962 1162 2005 nou
1177 1962 1272 2022 posse.
1288 1945 1413 2007 Consule
1431 1943 1557 2005 Balleri-

477 2024 561 2084 nium
576 2020 611 2083 dc
624 2023 657 2083 oi
670 2028 705 2083 o'c
717 2022 830 2083 ration.
845 2023 970 2104 primot.
983 2022 1124 2107 Pontific.
1136 2022 1199 2109 sere
1211 2043 1265 2107 per
1278 2035 1343 2103 tot,
1357 2023 1435 2088 etde
1445 2031 1553 2107 potest.

477 2102 668 2165 ecclesalam.
682 2100 796 2184 Pontis.
809 2111 1009 2186 aleonepen.
1024 2124 1092 2187 cop.
1106 2110 1124 2168 b
1132 2126 1210 2250 pap.
1225 2109 1266 2169 66
1282 2116 1393 2192 etseq„
1409 2115 1438 2170 et
1448 2124 1516 2189 cop.
1533 2110 1554 2167 9

476 2184 502 2265 §.
518 2188 617 2267 δρας.
632 2187 691 2246 loo
706 2192 805 2267 etseq.
821 2184 865 2247 ed.
879 2187 1021 2268 lapara
1038 2186 1130 2250 Vincla
1145 2188 1181 2250 ic.
1199 2191 1290 2251 7770.

525 2365 555 2463 §.
598 2364 692 2435 XIX.
731 2366 771 2436 lu
804 2366 888 2437 cirili
931 2364 1097 2463 republica
1135 2393 1262 2439 summa
1300 2368 1370 2440 baec
1412 2384 1557 2465 potestas

477 2480 524 2533 est
563 2486 662 2559 penes
701 2466 904 2561 principem,
942 2467 995 2534 cui
1036 2464 1174 2562 subjecti
1211 2482 1289 2537 sunt
1331 2492 1464 2555 omnes,
1495 2470 1556 2563 qui

477 2560 519 2631 ad
552 2560 640 2629 iliam
683 2565 861 2655 pertinent.
897 2560 1009 2647 Quare
1046 2565 1116 2659 ipse
1150 2565 1187 2632 iu
1223 2566 1347 2635 eunctis
1391 2566 1553 2659 negotiu,

478 2682 552 2755 quae
581 2656 681 2733 civilis
715 2659 904 2755 reipublicae
940 2662 1074 2755 propria
1114 2676 1191 2730 suut
1230 2660 1271 2731 ab
1309 2661 1461 2733 omuibus
1489 2689 1556 2759 ap-

476 2754 637 2853 pellatur,
691 2759 839 2828 omnium
893 2756 1040 2828 infirmat
1094 2756 1308 2830 confirmatae
1355 2763 1556 2849 sententias,

478 2854 633 2952 quodque
670 2855 710 2924 ab
749 2881 787 2926 co
833 2871 960 2949 gestum
1003 2870 1070 2944 est,
1114 2856 1320 2928 subditorum
1355 2856 1481 2956 judicio
1519 2875 1556 2929 et

477 2955 629 3051 potestati
671 2951 799 3024 subesse
842 2977 912 3024 uon
966 2967 1075 3049 potest
1124 2953 1191 3048 (l).
1235 2954 1306 3026 Hoc
1351 2970 1462 3025 autem
1498 2957 1557 3054 jus

476 3049 702 3148 appellationis
752 3075 822 3122 non
871 3050 979 3121 solum
1024 3076 1100 3147 pars
1147 3067 1197 3122 est
1246 3055 1362 3123 intima
1414 3079 1556 3126 summae

476 3151 642 3246 potcstatis
671 3147 748 3244 (2),
787 3147 844 3219 sed
885 3151 985 3220 eliam
1015 3164 1065 3218 est
1097 3151 1272 3221 necessaria
1310 3176 1385 3248 pars
1426 3149 1554 3243 officii,

477 3271 544 3342 quo
584 3263 716 3317 tenetur
751 3249 899 3343 quisquis
936 3244 1170 3342 rempublicam
1215 3273 1293 3317 cum
1325 3250 1464 3345 imperio
1503 3276 1557 3322 rc·

478 3345 545 3434 git,
583 3345 640 3438 qui
677 3347 710 3412 in
740 3347 809 3440 ejus
841 3343 1007 3433 custodia,
1036 3359 1204 3439 tamquam
1235 3347 1269 3414 iu
1299 3347 1450 3442 specula,
1483 3348 1558 3419 col-

477 3438 623 3527 locatus,
656 3441 765 3510 omnia
805 3442 1052 3536 circumspicere
1088 3457 1187 3537 atque
1225 3439 1394 3515 observare
1432 3443 1555 3536 debet,

478 3533 756 3629 quemadmodum
791 3561 824 3606 se
857 3541 1082 3636 unusquisque
1109 3554 1201 3637 gerat
1232 3541 1268 3609 iu
1296 3541 1429 3639 judiciis
1459 3570 1559 3617 exer-

478 3631 588 3701 ceudis
617 3633 684 3728 (5).

519 3804 528 3876 (
533 3805 544 3862 l
583 3802 659 3864 Vide
674 3805 875 3882 Montesquieu
889 3805 994 3888 Baprit
1005 3805 1055 3868 aa
1065 3804 1126 3871 tota
1142 3806 1195 3870 lio.
1210 3811 1250 3870 78
1264 3807 1352 3892 cbop.
1363 3814 1415 3873 77.

518 3885 548 3963 (7
581 3885 688 3946 Conler
702 3887 836 3947 Grotium
858 3885 893 3948 de
912 3890 988 3949 lure
1009 3885 1078 3950 betti
1100 3899 1129 3951 et
1145 3891 1227 3972 pacis
1242 3889 1293 3955 lto.
1315 3896 1334 3954 7
1353 3911 1381 3954 e.
1402 3896 1423 3956 l
1441 3892 1468 3976 ἓ.
1499 3899 1556 3973 lb',

478 3974 508 4026 et
533 3966 718 4067 lleineccium
736 3969 809 4060 tur.
829 3976 935 4030 notar.
951 3976 980 4029 et
996 3977 1076 4052 pent.
1096 3970 1147 4034 bb.
1164 3975 1223 4034 7ο.
1241 3976 1260 4036 8
1276 3973 1304 4054 ἓ.
1327 3976 1386 4037 llll
1400 3995 1469 4059 opp.
1497 3987 1519 4037 t.
1537 3982 1559 4040 8

476 4045 709 4209 paibfbboesiiie
722 4057 957 4193 iibendorfium
970 4130 1005 4194 dc
1015 4135 1088 4196 Jur.
1107 4143 1212 4196 notor.
1228 4147 1255 4200 et
1266 4147 1346 4220 pent.
1363 4137 1415 4204 ta.
1439 4143 1458 4202 7
1474 4161 1502 4204 c.
1516 4145 1557 4219 9,

480 4219 509 4270 el
522 4212 707 4274 llcineccium
721 4209 771 4274 lib.
783 4213 832 4276 cit.
846 4211 872 4295 §.
889 4216 949 4277 150
961 4224 1063 4299 etseq.
1076 4235 1147 4300 pop.
1161 4220 1222 4280 710
1235 4228 1332 4304 etseq.
