3575 5625
680 628 727 643 -
754 588 823 659 189
847 630 897 645 -

242 734 330 796 illius
351 743 465 815 partem
487 734 639 880 desenXsit
661 736 813 816 inopere,
836 738 881 798 eui
909 738 1010 797 titulus
1034 736 1134 799 Storin
1158 734 1238 799 dello
1256 739 1319 801 nito

243 814 322 877 ‹tetl'
335 834 422 879 aonio
435 826 507 879 nm.
524 815 568 879 11
623 820 725 899 desp.
744 822 776 879 ll
795 838 865 901 puy.
883 820 954 880 tut.
970 820 1072 881 Tradit
1086 820 1226 881 nimirum
1244 826 1320 883 Bur-

242 900 369 976 rielius,
396 900 541 963 isidorum
567 918 652 961 naum
674 901 836 979 prasertim
861 900 951 963 luisse
975 902 1127 980 Hispanias
1151 902 1321 965 eolleetioue

243 1000 411 1058 manuum,
441 987 488 1045 eui
507 982 599 1045 multa
621 982 736 1045 addidit
761 983 878 1063 ingenio
894 1001 961 1060 sno,
985 984 1133 1061 multaque
1154 986 1323 1047 emendavit

244 1073 340 1143 atque
359 1064 502 1141 detraxit,
519 1075 552 1126 ut
572 1084 658 1126 suum
681 1064 756 1125 illud
775 1064 948 1146 figmentum
971 1082 1035 1125 eom
1074 1072 1172 1143 neret,
1190 1068 1270 1145 quod
1292 1077 1322 1130 et

244 1164 306 1227 ego
327 1146 478 1209 observavi
499 1146 533 1207 in
543 1144 758 1243 ominaooienis
781 1154 851 1209 wan.
870 1150 883 1209 1
908 1165 976 1229 cop.
1000 1150 1018 1208 b
1051 1190 1058 1205 .
1080 1148 1119 1207 61
1138 1165 1210 1231 paq.
1233 1152 1272 1212 61
1293 1158 1323 1211 et

244 1246 312 1311 seq.
329 1228 406 1291 illud
423 1229 453 1289 in
468 1229 571 1308 primis
585 1237 684 1291 monet
702 1230 763 1309 ipse
776 1228 953 1306 Burrielius,
974 1246 1038 1290 sese
1057 1230 1154 1289 amnia
1172 1232 1323 1309 Hispania·

243 1329 320 1371 rum
343 1311 461 1373 archiva
479 1311 699 1393 diligentissime
719 1311 870 1388 lustrasse,
886 1329 982 1389 neque
1000 1310 1093 1371 ullum
1114 1329 1243 1391 unquam
1260 1332 1323 1373 ma·

245 1395 438 1473 nusariptum
457 1393 586 1457 codicem
607 1393 670 1473 ejus
685 1393 860 1455 eolleetiouis
880 1394 1012 1473 reperire
1025 1394 1168 1472 potuisse3
1185 1394 1265 1472 quod
1280 1414 1323 1456 ar·

245 1484 397 1554 gemente
414 1483 458 1537 est
478 1475 719 1554 planemaximo,
739 1476 895 1554 Hispanos,
913 1474 964 1555 qni
985 1475 1130 1537 lsidorum
1141 1476 1323 1539 eonferentes

247 1575 323 1617 ovam
343 1575 376 1619 aa
393 1558 576 1633 eobeetione,
593 1576 659 1637 qun
675 1558 706 1619 in
728 1558 860 1619 omnium
878 1557 1014 1619 manibus
1028 1556 1215 1636 versabatur,
1241 1560 1323 1621 nullo

249 1640 373 1721 negotio
395 1640 529 1701 lraudem
554 1640 691 1723 detegere
712 1640 890 1719 potuissent,
916 1638 1020 1701 Isidori
1045 1638 1183 1721 figmenta
1207 1642 1324 1719 penitus
1389 1705 1395 1717 ,

250 1721 416 1867 ffi‘
429 1720 1325 1867 ltut'tulllluulutltlustulat

250 1886 425 1948 Deambris
440 1888 536 1961 1751,
558 1904 630 1967 quas
643 1886 779 1966 equidem
802 1886 914 1947 litteras
931 1884 1010 1964 apud
1023 1885 1161 1947 eumdem
1174 1886 1324 1949 eruditum

251 1968 351 2029 virum
368 1970 558 2031 Laurentium
579 1971 688 2031 llervas
708 1968 777 2049 legi.
800 1967 916 2029 Seilinet
933 1986 967 2029 aa
985 1968 1114 2029 eontinet
1130 1985 1254 2029 maanes
1267 1972 1324 2031 XX

251 2050 403 2126 uieoenoe,
418 2070 492 2129 quos
506 2050 643 2113 eontinno
657 2058 819 2131 sequuntur
829 2049 952 2111 aliarum
967 2051 1131 2111 Groeearnm
1145 2050 1325 2128 synodorum

252 2150 380 2193 anonas
393 2133 424 2192 in
444 2133 569 2194 latinum
592 2150 756 2194 sermonem
770 2132 918 2208 eonversi;
938 2131 990 2193 sed
1010 2130 1074 2193 bne
1096 2131 1191 2192 versio
1211 2131 1325 2195 diversa

251 2223 299 2275 est
313 2234 330 2275 a
343 2214 537 2295 Dionysiana,
558 2220 646 2295 atque
658 2215 760 2277 eadem
783 2232 887 2296 magna
905 2231 941 2275 er
955 2221 1038 2292 parte
1058 2221 1118 2289 est,
1140 2231 1227 2292 qnam
1242 2214 1325 2277 dedit

250 2295 385 2357 lsidoms
401 2300 560 2373 Mereatur,
583 2296 666 2376 eujus
690 2296 808 2359 nomine
829 2314 893 2357 eam
912 2294 1079 2356 ilarduiaus
1097 2294 1201 2355 edidit.
1229 2300 1325 2375 Atque

250 2378 321 2440 baec
340 2398 423 2440 eausa
433 2390 493 2457 est,
509 2386 629 2459 propter
643 2398 731 2459 qnam
753 2378 837 2439 multi
851 2379 883 2439 in
904 2378 1004 2440 Galliis
1023 2377 1204 2456 putaverint,
1220 2378 1324 2440 lsidori

249 2461 455 2523 wlleotiouem
478 2464 510 2523 in
525 2461 670 2541 Hispaniis
686 2462 775 2523 luisse
795 2459 976 2536 absolutam,
991 2459 1060 2539 quia
1078 2460 1219 2520 nimirum
1237 2460 1325 2535 lsido

250 2561 313 2603 rus
327 2560 364 2603 ex
375 2543 537 2605 solidatione
558 2542 842 2621 Gothieollispanioa
864 2541 927 2603 lere
947 2541 1091 2622 integram
1105 2558 1267 2622 gracorum
1281 2562 1324 2603 ca-
1346 2590 1349 2597 .

250 2642 373 2685 nonum
387 2628 546 2689 versionem
568 2625 703 2705 arripuit.
728 2628 841 2688 Novum
855 2622 926 2685 hine
944 2631 1149 2703 argumentum
1171 2620 1322 2699 educitur,

248 2725 293 2852 {x
313 2724 372 2850 (iffi,
391 2716 483 2854 ριιοὲ,
506 2726 564 2769 non
582 2707 669 2768 modo
687 2706 780 2851 nlutlssas
796 2700 888 2852 dddm
904 2706 935 2765 in
957 2705 1012 2849 barte
1032 2703 1136 2847 isidorili
1154 2705 1324 2801 oolleetione
1397 2770 1401 2779 ,

275 2806 322 2850 on
368 2808 434 2851 eum
476 2808 648 2852 omanorum
872 2808 881 2850 ι
918 2803 950 2848 os
969 2805 1057 2849 eram
1072 2806 1113 2848 nn
1135 2806 1182 2848 am
1201 2806 1263 2849 eus
1277 2807 1325 2850 ra-

248 2873 371 2934 tionem
388 2871 535 2949 babuisse3
551 2891 639 2952 quam
659 2806 993 2947 spiahabffimm’pafflm
1016 2877 1096 2930 eerte
1118 2808 1263 2931 misisadnt
1286 2871 1345 2932 ad·

248 2953 407 3016 οοᾱωίιιιι
422 2955 622 3035 llispanieam,
640 2973 706 3033 quaa
719 2971 834 3033 semper
848 2969 983 3034 magnam
1002 2949 1106 3012 babuit
1117 2969 1183 3012 eum
1197 2955 1325 3014 ltomana

248 3037 377 3098 enoleda
391 3036 634 3116 eonjnnetionem.
650 3039 725 3100 Sane
745 3055 811 3116 pars
824 3034 915 3096 altera
934 3033 1110 3094 eolleetionis
1130 3031 1326 3094 Gothieollis·

247 3118 370 3262 gffioe
389 3127 501 3216 eonstat
515 3137 551 3180 ex
563 3118 757 3261 deloretalibg
768 3134 951 3260 {ffinmum
973 3113 1326 3258 Pontitllileuitviafflfflng

340 3217 374 3261 us
405 3221 424 3260 ιι
461 3219 589 3262 neomui
612 3219 698 3261 usae
815 3217 842 3260 er
896 3215 947 3259 naa
1042 3215 1051 3254 ι
1086 3214 1101 3254 ι
1249 3215 1274 3256 rs

248 3281 346 3346 labris
361 3220 535 3366 rdeinsileodis
556 3291 585 3344 et
599 3301 660 3344 oon
677 3213 1325 3366 ranpieocltdqundeoedduanusuasumpsit

247 3383 329 3427 eon.
343 3367 596 3427 mantellorum
609 3367 627 3426 5
641 3361 712 3428 dist.
735 3367 790 3442 15,
811 3363 862 3444 qui
885 3379 994 3437 ennon,
1011 3360 1055 3420 uti
1068 3367 1192 3420 testatur
1204 3361 1325 3422 Burrie-

248 3450 320 3512 lius
333 3445 383 3510 eit.
404 3447 491 3530 epist.
514 3443 554 3508 od
568 3465 674 3508 moon.
692 3445 729 3510 de
752 3449 869 3522 Casae,
890 3445 923 3505 in
936 3442 1073 3504 omnibus
1094 3441 1242 3504 oodieibus
1264 3461 1324 3507 uon

249 3529 391 3607 Gelono,
412 3529 464 3592 sed
486 3527 649 3592 llormisdae
669 3527 822 3590 tribuitur.
846 3525 1014 3606 optandum
1035 3525 1162 3586 maxime
1179 3534 1272 3601 esset,
1293 3535 1326 3587 ut

249 3611 398 3694 praealara
415 3613 609 3692 Hispanorum
626 3611 722 3688 natio,
747 3629 813 3688 quaa
830 3609 902 3670 viria
919 3606 1049 3670 abundat
1064 3607 1182 3688 ingenio
1196 3625 1229 3667 ae
1255 3607 1324 3668 doe·

247 3693 454 3775 trinaplanis,
466 3695 498 3756 in
510 3694 605 3755 laoem
617 3693 766 3754 emitteret
776 3689 974 3752 eolleotionem
987 3687 1322 3767 Gotbim-llispaniaam,

249 3795 350 3858 qnam
368 3774 480 3838 duabus
496 3775 554 3837 illis
573 3775 681 3837 litteris
700 3774 862 3837 Burrielins
879 3779 1023 3833 memorat
1044 3789 1190 3851 qinmque
1208 3772 1270 3851 ipse
1287 3771 1325 3832 il-

249 3857 412 3935 lustrarim
428 3877 567 3941 magnum
580 3855 686 3918 made
703 3856 804 3917 lumen
816 3853 959 3935 aeniperet
978 3851 1167 3916 eedesiastiea
1181 3853 1325 3932 jurispru-

250 3939 363 4035 dentia
378 3948 406 4036 et
419 3941 510 4002 multa
526 3940 603 4002 lorte
615 3946 801 4035 oemmment
812 3934 994 4033 emendanda
1007 3936 1038 3997 in
1055 3934 1192 4015 operibus
1205 3952 1324 4009 eorum,

250 4018 998 4182 uoulttttltllttltttullttd
1014 4019 1326 4160 ttfbllutlt

251 4185 369 4267 seripta
394 4205 412 4247 a
436 4185 547 4248 sardin.
574 4185 725 4268 tguirrio,
750 4192 816 4247 eta
839 4183 974 4262 Caietano
988 4180 1097 4245 &anio
1112 4179 1163 4259 qui
1187 4175 1327 4239 haetenus
