3575 5625
925 676 1122 748 ..72-

532 825 563 926 §.
593 825 674 896 XV.
703 823 748 895 Ut
771 825 881 895 citatio
908 825 971 894 rite
996 821 1231 913 atrectatu,
1260 821 1364 895 multa
1391 838 1470 894 suut
1504 823 1566 896 ob-

483 923 651 995 servanda.
699 923 863 1020 Principio
897 920 1018 993 scilieet
1051 920 1303 1018 exprimendum
1345 937 1395 993 est
1437 946 1566 994 nomen

485 1023 623 1111 autoris,
666 1045 733 1118 quo
768 1021 910 1091 instante
949 1021 1058 1091 citatio
1088 1020 1269 1110 emittitur,
1308 1021 1385 1116 quia
1429 1034 1565 1091 tautum

483 1122 519 1190 in
554 1120 655 1190 causis
680 1117 818 1215 publicis
837 1116 943 1217 judex
967 1143 1007 1188 ex
1038 1116 1147 1190 officio
1173 1116 1323 1215 proeedit
1349 1116 1426 1215 (1);
1460 1119 1565 1190 item·

485 1242 550 1313 que
575 1241 698 1288 nomeu
727 1218 793 1304 rei,
822 1242 866 1287 ne
909 1216 957 1288 uis
973 1217 1009 1287 in
1034 1217 1167 1311 ancipiti
1243 1239 1338 1287 rsona
1360 1212 1559 1312 decipiatur.

484 1313 611 1385 Deinde
640 1316 808 1386 continere
846 1312 889 1384 de
932 1328 947 1383 t
988 1336 1109 1385 nomeu
1146 1239 1288 1411 judieois,
1327 1313 1421 1410 cujus
1460 1337 1564 1384 mau-

485 1410 561 1484 dato
586 1413 695 1483 citatio
722 1412 910 1500 emittitur,
940 1425 1015 1482 tum
1041 1407 1133 1506 quod
1156 1413 1234 1508 jure
1256 1434 1344 1482 uuio
1359 1412 1429 1481 sine
1460 1434 1563 1480 mau-

486 1508 563 1584 dato
605 1508 728 1581 Judiois
756 1533 854 1580 nemo
885 1511 922 1580 iu
951 1509 1007 1607 jus
1056 1510 1162 1578 vocari
1196 1523 1327 1605 potest,
1360 1522 1434 1578 tum
1470 1508 1564 1604 quod

486 1609 600 1678 citatus
631 1609 712 1678 scire
741 1603 860 1697 dehet,
897 1631 980 1677 uum
997 1607 1159 1774 1proprius
1186 1621 1220 1676 ot
1248 1620 1437 1701 competens
1456 1603 1563 1699 juder

486 1707 549 1794 sit,
603 1703 645 1775 ud
677 1729 778 1802 quem
812 1718 959 1776 vocatur.
1026 1719 1041 1773 t
1078 1703 1235 1802 quoniam
1263 1702 1431 1870 delopatus
1456 1701 1564 1797 judex

485 1802 622 1874 alienam
650 1801 915 1901 jurisdictionem
956 1817 1084 1874 exeroet
1139 1803 1302 1873 citationis
1356 1817 1465 1873 ecreto
1510 1802 1565 1871 in-

484 1900 658 1972 serendum
692 1917 740 1972 est
780 1899 967 1996 exemplum
1005 1855 1206 1988 interium,
1244 1897 1363 1995 quibus
1400 1900 1431 1970 ei
1468 1923 1563 1969 causa

486 2001 655 2068 commissa
680 2011 730 2068 est
758 1994 839 2092 (ῆς
870 2019 948 2066 nam
976 2022 1067 2068 secus
1090 1998 1161 2095 ejus
1187 1995 1371 2094 jurisdictio
1396 2021 1454 2069 reo
1475 2021 1565 2068 com·

486 2109 578 2190 perta
606 2108 640 2164 et
672 2093 836 2190 explorata
856 2118 924 2165 esse
954 2117 1023 2165 uon
1051 2109 1172 2190 potest.
1197 2092 1233 2166 Si
1260 2093 1470 2165 manifestum
1498 2095 1563 2183 sit,

481 2189 628 2288 judicem
654 2215 721 2263 uon
747 2215 814 2262 esse
839 2215 912 2264 com
958 2207 1103 2282 tentem,
1138 2217 1211 2264 reus
1241 2190 1383 2262 adeum
1409 2196 1457 2262 ire
1495 2217 1565 2263 non

487 2289 639 2384 cogitur3
681 2291 707 2359 si
741 2285 776 2358 id
816 2292 906 2360 mani
920 2304 989 2361 esto
1033 2314 1100 2361 uon
1136 2305 1282 2379 constet,
1317 2314 1392 2361 reus
1426 2291 1565 2361 omuino

485 2388 612 2482 cogitur
646 2387 757 2458 sistere
803 2412 837 2458 se
871 2386 997 2486 judici,
1032 2389 1125 2487 eujus
1163 2403 1212 2460 ast
1253 2389 1437 2478 estimare,
1480 2411 1562 2459 nuru

487 2509 543 2554 sua
558 2486 599 2554 sit
623 2483 807 2583 jurisdictio
836 2485 904 2582 (ὅ).

528 2665 554 2748 (i
561 2666 570 2748 )
594 2670 666 2750 Cap.
682 2669 699 2730 9
715 2667 751 2730 ds
766 2669 902 2731 domat.

526 2747 570 2831 (Ξ)
593 2752 664 2833 Cap.
688 2751 708 2810 t
728 2748 764 2813 da
784 2749 881 2814 Μαι.
909 2751 994 2830 Quod
1019 2751 1095 2815 torte
1112 2750 1242 2833 primum
1263 2753 1333 2834 jure
1353 2751 1493 2815 canonico
1513 2769 1566 2815 ex-

486 2849 585 2910 presse
604 2834 795 2895 constitutum
813 2835 949 2911 videtur,
974 2835 1026 2896 sed
1040 2844 1138 2896 tarum
1160 2836 1289 2897 alienum
1310 2853 1370 2896 uou
1385 2843 1429 2897 ost
1451 2854 1468 2894 a
1487 2834 1566 2914 juris

488 2916 611 2975 Bouiani
634 2917 778 2977 sententia
802 2916 837 2979 t.
858 2916 941 2979 arria.
965 2914 1029 2979 cod.
1049 2915 1085 2979 da
1103 2915 1245 2979 Mandat.
1268 2916 1388 2992 Prina-
1412 2917 1447 2978 t.
1464 2915 1564 2979 deod.

487 2994 523 3057 da
537 2996 609 3057 Jor.
620 2994 686 3079 fise.
704 2994 756 3059 lib.
770 2999 820 3058 to.

492 3074 496 3082 “
529 3076 570 3159 (5)
591 3078 628 3139 l.
646 3080 665 3139 2
677 3076 713 3162 ff.
727 3078 842 3165 Siquis
854 3077 952 3163 injus
967 3087 1064 3143 want.
1084 3098 1146 3142 non
1159 3080 1253 3160 ierit.‚·
1267 3080 1301 3142 d.
1319 3082 1337 3143 5
1349 3076 1385 3164 ff.
1405 3078 1442 3143 da
1458 3078 1566 3142 ludia.

535 3255 566 3357 §.
616 3256 709 3330 XVI.
753 3259 975 3356 Exprimeuda
1019 3262 1118 3331 etium
1172 3276 1222 3332 est
1267 3284 1383 3349 causa,
1427 3275 1567 3357 propter

489 3380 587 3451 quam
615 3380 690 3426 reus
729 3372 884 3445 vocatur,
920 3373 960 3428 ut
994 3359 1021 3427 is
1057 3360 1224 3453 negotium
1260 3356 1440 3429 meditetur
1466 3382 1567 3429 suum

488 3466 522 3523 et
559 3466 689 3546 paratus
731 3451 772 3521 ad
805 3451 970 3551 judicium
1010 3458 1140 3547 veniat,
1184 3470 1397 3554 posteaquam
1429 3480 1467 3525 re
1503 3480 1566 3529 oo-

488 3550 579 3643 gnita
604 3572 672 3619 sese
712 3565 824 3621 contra
849 3566 993 3623 actorem
1019 3556 1103 3624 tueri
1134 3554 1315 3623 constituit.
1356 3552 1468 3623 Veteri
1486 3552 1567 3650 jure

488 3646 636 3718 Romano
675 3661 764 3719 actor
803 3649 1000 3745 postulatam
1038 3654 1311 3748 impetratamque
1362 3676 1382 3720 a
1418 3648 1568 3721 Praetore

488 3744 648 3815 actionem
676 3743 794 3816 edebat
826 3772 906 3837 reo,
939 3773 1016 3820 eum
1049 3750 1086 3818 in
1108 3746 1273 3847 judicium
1317 3762 1470 3836 venerat,
1512 3763 1568 3817 at-

489 3866 554 3939 que
584 3843 628 3911 ita
662 3843 731 3938 ipse
762 3848 937 3918 vocationis
971 3870 1100 3919 eausam
1130 3844 1284 3919 nosoebat
1311 3845 1382 3943 (1).
1414 3843 1482 3916 Sed
1502 3869 1568 3915 an-

491 3942 585 4035 tiquo
615 3942 790 4012 vocationis
829 3944 895 4014 ritu
929 3943 1077 4035 sublato,
1128 3947 1289 4015 sancitum
1326 3959 1373 4014 est
1405 3967 1424 4011 a
1460 3941 1569 4013 Justi-

490 4038 587 4109 niano
621 4035 695 4132 (ἓ),
728 4054 764 4111 ut
801 4040 835 4112 iu
861 4042 928 4137 ipsa
955 4043 1123 4114 vocatione
1152 4040 1281 4113 libellus
1309 4038 1569 4112 conventionalia»

490 4159 546 4207 reo
577 4134 747 4222 tradatur3
798 4154 897 4235 atque
936 4141 981 4209 ita
1014 4141 1048 4210 in
1090 4166 1195 4210 unum
1230 4136 1421 4236 judicialem
1452 4152 1569 4209 aetum

491 4234 525 4301 in
556 4234 612 4332 jus
652 4236 777 4308 vocatio
813 4252 847 4309 et
887 4239 1021 4309 actionis
1059 4237 1160 4309 editio
1198 4235 1401 4309 ooalueruut.
1445 4234 1569 4309 Decre-
