3575 5625
875 600 1098 671 -tto-

494 748 524 851 ς.
559 749 619 821 ΙΧ.
657 748 723 822 Sed
749 775 857 847 neque
885 749 929 820 de
961 749 1058 819 rebus
1087 749 1240 820 omnibus
1275 753 1452 846 transigere
1481 752 1533 823 ias
1665 809 1667 830 J

445 863 506 919 ert.
554 846 638 921 Nam
684 848 744 919 Jus
789 850 983 919 canonicum
1024 848 1276 919 transactionem
1323 845 1397 919 fieri
1441 866 1532 921 vetat
1619 886 1624 892 ·

445 944 487 1016 de
518 946 737 1017 ecclesiasticis
762 945 947 1035 beneficiis,
980 949 1016 1014 in
1057 943 1176 1111 ‹qribrn
1210 946 1319 1017 omnis
1352 972 1423 1017 non
1449 972 1533 1041 gra-

445 1045 529 1113 tuita
568 1048 675 1141 pactio
728 1045 832 1140 turpis
870 1044 1010 1115 babetur
1052 1067 1216 1139 paneque
1263 1045 1407 1141 rejicitur
1448 1044 1530 1139 (1),

446 1139 503 1211 sed
535 1156 645 1213 tamen
676 1143 712 1210 in
744 1143 782 1211 iis
818 1141 1003 1212 admittitur
1036 1140 1211 1211 amicabilis
1241 1145 1432 1239 compositio
1453 1141 1532 1239 (2);

445 1239 525 1309 item
560 1238 601 1309 de
639 1240 714 1338 jure
746 1254 956 1336 patronatus,
1001 1236 1092 1335 qnod
1127 1256 1258 1335 accepta
1307 1242 1446 1336 pecunia
1492 1244 1534 1311 in
1666 1289 1667 1302 r

447 1334 546 1407 alium
582 1336 724 1409 conferri
756 1360 824 1409 non
865 1352 973 1433 potest
1009 1336 1079 1430 (ὅ).
1122 1334 1293 1433 sponsalia
1331 1336 1374 1409 de
1415 1338 1535 1409 sutoro

446 1436 698 1507 transactionem
741 1458 810 1505 non
857 1447 1036 1530 rnrpnunt,
1082 1436 1238 1531 qnoniam
1280 1450 1397 1506 mutuo
1442 1460 1535 1507 oon-
1667 1477 1668 1482 κ

447 1554 543 1603 sensu
586 1531 717 1604 dissolri
750 1546 887 1628 possunt
920 1531 996 1627 (t);
1028 1530 1086 1601 rod
1115 1530 1158 1601 de
1186 1534 1386 1605 matrimonii
1417 1559 1532 1605 sacra-

448 1645 562 1702 mento
584 1634 690 1703 omnir
715 1630 814 1727 plane
840 1632 1027 1719 nanneno,
1052 1644 1110 1700 aut
1131 1633 1238 1726 pactio
1268 1632 1359 1701 irrita
1387 1646 1436 1701 ert
1456 1630 1531 1727 (ὃ).

434 1799 438 1807 ’
488 1799 514 1879 (t
555 1804 627 1883 Gap.
642 1800 709 1864 ide
718 1803 811 1884 partit
819 1826 831 1879 ‚·
845 1822 914 1885 cop.
928 1806 948 1865 t
962 1801 999 1865 de
1010 1810 1156 1864 namnet.

488 1886 519 1961 (2
552 1888 594 1945 Ito
608 1884 632 1943 si
647 1884 706 1945 duo
721 1884 800 1945 inter
814 1903 845 1946 se
857 1885 894 1945 de
910 1882 1052 1947 beneficio
1064 1884 1197 1965 litigent,
1212 1893 1291 1946 recte
1314 1884 1348 1946 fit
1365 1884 1531 1946 amicabilis

448 1964 634 2042 compositio,
652 1984 705 2044 por
723 1984 812 2043 quam
828 1965 999 2027 alternatio
1015 1975 1132 2044 accepto
1153 1966 1265 2044 pretio,
1289 1968 1336 2027 ret
1354 1986 1388 2027 re
1410 1975 1531 2046 ternpo-

448 2044 515 2119 rali,
527 2063 580 2104 suo
593 2062 624 2104 so
632 2044 700 2123 jure
714 2056 818 2125 sponte
834 2046 952 2109 abdicor
967 2066 1033 2129 cop.
1051 2050 1069 2110 7
1084 2044 1119 2109 de
1133 2056 1278 2110 tronaort.

490 2124 532 2283 55)
554 2128 626 2207 Cap.
641 2126 659 2185 9
675 2123 740 2188 eod.

502 2209 521 2265 t
557 2210 589 2267 C.
604 2208 624 2267 2
638 2204 816 2289 desponsat.

491 2288 520 2365 (5
555 2292 587 2349 C.
605 2282 661 2351 ult.
676 2286 711 2351 ric
724 2298 871 2353 transact.
