3575 5625
668 691 889 764 -527-

282 838 323 919 (5)
346 843 388 901 ite
413 839 545 918 loquitur
562 840 720 901 concilium
742 841 971 921 carthaginense
994 841 1033 901 IV
1052 857 1118 900 een.
1141 839 1180 900 95
1202 845 1273 898 torn.
1298 841 1317 898 4

241 918 344 982 concil.
370 917 425 982 cel.
448 925 530 983 4444
546 919 615 982 coll.
635 922 762 993 Lebbei,
788 941 855 982 cum
872 939 931 1000 quo
948 922 1133 981 consentiunt
1147 923 1275 982 vasense
1289 923 1316 980 44

241 1019 304 1062 rau.
328 1005 436 1063 item.
457 1000 549 1064 beel.
572 1004 648 1081 748,
672 1012 703 1064 et
726 1008 898 1067 Turonenee
922 1005 949 1064 11
974 1020 1042 1064 can.
1065 1005 1104 1064 25
1127 1009 1199 1062 tem.
1219 1002 1237 1061 6
1256 997 1315 1062 col.

240 1084 309 1143 3446.
329 1084 484 1147 videndus
504 1102 623 1164 quoque
643 1084 816 1146 Ambrosius
833 1083 870 1146 de
885 1084 989 1166 poenit.
1011 1079 1060 1144 lib.
1083 1085 1102 1144 4
1123 1100 1188 1164 cap.
1208 1085 1227 1142 9
1244 1101 1313 1165 epp.

242 1171 309 1225 tem.
328 1167 348 1226 5
358 1185 433 1250 paq.
448 1168 505 1228 464
524 1165 596 1227 eder.
613 1167 754 1230 Moerin.
774 1169 873 1229 Vener.
892 1167 983 1227 4784.

286 1291 319 1390 §.
353 1293 413 1365 lv.
446 1297 561 1368 Poenae
603 1299 639 1366 in
676 1297 847 1394 sacrilegos
885 1298 1006 1393 partim
1038 1294 1165 1388 legibus
1202 1297 1316 1364 eonsti—

241 1405 322 1462 tutae
350 1408 428 1462 sunt
463 1409 498 1464 et
528 1397 649 1491 partim
674 1394 796 1492 judicis
821 1395 956 1465 arbitrio
979 1392 1189 1488 infliguntur.
1214 1389 1317 1462 Poena

238 1485 365 1581 legibus
404 1492 578 1562 eonstitute
615 1507 665 1564 est
701 1494 1016 1580 excommunicatio,
1056 1493 1093 1561 in
1130 1513 1228 1584 quem
1269 1491 1318 1556 in-

240 1584 356 1656 cidunt
390 1589 460 1684 ipso
501 1589 606 1679 facto,
641 1605 681 1660 ut
716 1593 831 1687 ajunt,
875 1591 1009 1684 quiin
1041 1587 1215 1674 clericum,
1262 1600 1320 1654 aut

239 1682 438 1755 monachum
481 1687 637 1758 violentas
689 1712 806 1757 manus
855 1687 1059 1784 injecerunt,
1101 1687 1157 1780 qui
1211 1681 1318 1754 eecle-

238 1781 396 1852 siasticam
432 1786 676 1856 immunitatem
711 1783 892 1873 violarunt,
936 1787 993 1878 qui
1040 1782 1205 1854 ecelesiam
1254 1781 1319 1851 vio·

237 1875 347 1949 lenter
380 1881 587 1975 confringere
625 1908 663 1952 re
697 1880 837 1978 spoliare
888 1883 956 1952 ausi
1004 1895 1081 1952 sunt
1141 1878 1214 1975 (1),
1260 1877 1318 1972 qui

239 1998 315 2043 eam
345 1977 566 2049 incenderunt
595 1977 660 2076 (2).
709 1977 859 2077 Reliquae
889 2003 999 2074 poenae
1030 1993 1107 2048 sunt
1147 2000 1315 2064 moeres,

238 2073 416 2164 triremes,
448 2090 483 2146 et
522 2079 579 2173 qui
626 2078 753 2174 gravius
792 2065 1024 2173 deliquerunt',
1068 2077 1166 2148 etiam
1203 2075 1315 2173 eapitis

238 2193 342 2263 poena
364 2170 569 2266 plectuntur.

279 2313 323 2396 (1)
346 2321 420 2399 Cap.
433 2321 473 2379 44
483 2318 519 2380 de
529 2329 654 2382 sentent.
667 2339 780 2384 excom.

278 2398 321 2480 (4)
345 2402 415 2482 Cap.
433 2403 472 2462 49
486 2399 540 2463 coi.

532 2951 851 3043 WBWBM
879 2954 1032 3043 4444.

690 3150 727 3214 re
750 3151 873 3231 rerum.

238 3457 258 3506 Ι.
268 3456 447 3522 Jusjurandum
460 3456 492 3507 ab
504 3456 605 3508 ecclesia
616 3472 705 3525 appre·
777 3458 782 3575 ι
817 3460 848 3509 11.
862 3458 941 3510 Poenae
953 3460 977 3511 in
988 3460 1107 3527 perjuros.

339 3520 438 3571 hatum?

732 3660 763 3761 r.
792 3664 819 3733 1.

285 3831 423 3904 Numer
454 3832 621 3904 vinculum
649 3832 691 3903 ed
720 3834 941 3931 stringendum
975 3835 1076 3908 fidem
1093 3834 1312 3934 jurejurando

238 3932 359 4001 arctius
402 3955 491 4018 esse,
533 3956 646 4002 omnes
685 3958 815 4030 semper
848 3934 1092 4007 intellexerunt.
1130 3934 1193 4001 Vix
1223 3933 1314 4000 enirn

238 4026 395 4098 credibile
447 4044 497 4097 est
540 4027 708 4104 hominem
751 4046 819 4101 tem
867 4031 1097 4129 impudentem
1153 4054 1189 4097 ae
1241 4052 1314 4123 per-

238 4125 369 4213 ditum,
396 4127 454 4221 qui
490 4150 559 4196 non
593 4130 668 4197 totis
698 4128 834 4199 artubus
868 4131 1115 4213 contremiscet,
1150 4148 1226 4193 eum
1257 4148 1312 4193 au·

238 4220 297 4293 det
321 4220 424 4293 {idem
451 4221 563 4296 fallere
590 4223 633 4293 eb
661 4249 696 4296 ee
728 4224 865 4314 (letam,
901 4226 971 4297 Deo
1011 4224 1203 4319 interposito
1239 4237 1312 4291 tum
