3575 5625
483 1147 790 1230 'I'IWWS
822 1149 1033 1232 xvttt.

523 1445 528 1456 Ι
594 1367 630 1429 oe
656 1365 919 1436 incommunicatione.

218 1702 237 1752 t.
251 1701 361 1752 &neura
369 1697 446 1767 quid?
795 1702 836 1752 tx.
853 1699 959 1753 Effectus
972 1704 1229 1757 excommunicationis
1244 1720 1294 1758 ma-

218 1768 250 1818 ii.
262 1766 528 1816 iiivioiooenourarum.
860 1767 930 1832 jorio.

218 1833 261 1884 ΙΙΙ.
289 1831 399 1882 Potestas
424 1828 652 1881 excommunionem
683 1844 699 1880 a
794 1831 1202 1886 x.Excommunieaturritanduo.

283 1895 498 1948 Ghriatoeooierie
508 1895 575 1946 dete.
794 1897 835 1948 iil.
847 1898 887 1950 An
907 1897 1026 1960 haeretioi,
1047 1900 1211 1963 schismatici,
1229 1903 1295 1954 umi-

217 1965 259 2013 Ν.
290 1961 517 2014 Exoommunicatio
538 1960 648 2012 mortalit
675 1971 701 2013 et
861 1963 1000 2014 lectitandi
1012 1965 1084 2014 eunti

284 2027 445 2078 medicinalia.
794 2029 847 2079 xn.
867 2029 983 2080 Summus
1005 2029 1117 2082 Pontifex
1138 2041 1162 2082 et
1185 2031 1292 2098 episcopi

218 2095 248 2144 V.
261 2094 290 2145 in
301 2109 363 2161 quoe
373 2090 524 2144 medicinalia
535 2093 700 2144 exeommuni·
859 2110 974 2145 censurae
988 2093 1076 2146 ierunt.

285 2159 349 2209 ontio
359 2158 499 2210 terebatur?
795 2158 859 2210 iiiii.
882 2161 911 2210 in
936 2177 997 2228 quos
1017 2160 1109 2211 ieratur
1128 2163 1293 2212 excommuni-

219 2224 260 2275 Vl.
274 2224 303 2274 in
347 2221 698 2276 oaexoommunioatiomorta-
859 2225 968 2277 ratioet
991 2225 1114 2293 quomodo
1134 2241 1162 2276 ea
1188 2227 1220 2278 ab
1242 2244 1293 2279 om-

285 2288 330 2339 lis.
860 2291 933 2342 nibuo
944 2292 1075 2343 metuenda
1085 2291 1132 2342 citi

217 2354 270 2406 Vll.
283 2355 375 2432 lajor,
390 2353 520 2421 minorque
535 2353 700 2405 exeommuni-
795 2353 856 2406 xtv.
870 2355 964 2417 Quibus
975 2357 1095 2408 decausis
1111 2357 1247 2426 irrogetur?

282 2419 531 2470 catioetanathema.
794 2421 844 2472 XV.
857 2421 1034 2473 Praemittendoe
1046 2423 1199 2474 monitiones.

217 2485 281 2537 tut,
299 2484 524 2536 Exoommunioatio
540 2484 595 2535 laun
610 2483 648 2536 rei
664 2485 698 2536 ie-
794 2487 855 2538 Xiii.
876 2486 1107 2540 Exeommunioatus
1129 2503 1143 2538 a
1165 2505 1209 2539 auo
1229 2490 1292 2557 epis-

281 2551 366 2602 ηυδε
374 2550 506 2603 samue.
858 2567 923 2669 m
940 2554 1042 2669 ‘ubique
1067 2555 1292 2606 excommunicatus

923 2629 1042 2670 nutett.

711 2754 741 2856 t.
770 2756 798 2827 1.

262 2904 465 2977 Selenuntes
500 2929 615 3001 poenoa
653 2906 787 3001 proprio
827 2908 962 2977 nomine
998 2932 1147 2977 censuros
1180 2909 1290 3004 appel·

215 3003 275 3073 iari
301 3002 453 3075 diximus.
496 3000 640 3073 Centum
672 3002 761 3099 apud
792 3002 956 3074 Romanos
994 3019 1064 3073 erut
1096 3019 1173 3073 nota
1208 3029 1291 3073 cen·

215 3102 318 3190 soria,
337 3126 397 3196 per
422 3126 523 3197 quam
549 3098 665 3197 aliquis
680 3100 804 3193 gredo,
831 3098 880 3169 rel
907 3098 1065 3195 dignitate
1082 3099 1285 3169 movebatur.

215 3196 301 3269 Nam
331 3222 431 3294 quem
469 3222 617 3269 censores
655 3199 691 3267 in
726 3222 847 3285 censu,
885 3198 951 3267 sive
984 3197 1200 3292 descriptione
1233 3220 1289 3266 se-

215 3310 392 3384 natorum,
428 3297 597 3384 enitum,
638 3298 758 3365 civium
794 3296 1048 3390 praeteriissent,
1092 3296 1117 3361 is
1157 3292 1289 3364 infamio

214 3407 345 3463 notatus
365 3322 570 3482 habeintur,
597 3418 636 3463 ao
660 3393 685 3461 si
706 3406 835 3463 senator
859 3407 962 3480 esset,
990 3417 1007 3460 a
1037 3406 1151 3461 senatu
1176 3392 1288 3487 ejicie-

213 3486 340 3577 batur,
368 3492 394 3558 ni
421 3514 543 3587 eques,
599 3489 742 3560 oblicum
776 3514 795 3559 e
820 3513 901 3558 uum
929 3488 1119 3577 omittebat,
1146 3487 1289 3585 denique

213 3589 239 3655 si
284 3584 452 3683 plebejua,
494 3589 529 3657 in
568 3516 728 3659 inritum
778 3601 812 3655 ta
836 3584 903 3655 ulae
943 3582 1155 3657 referebatur.
1196 3586 1289 3656 Idem

213 3682 278 3753 hoo
308 3708 429 3754 nomen
459 3686 523 3755 suis
551 3709 685 3781 quoque
716 3685 841 3779 poenis,
906 3708 957 3754 um
997 3682 1139 3780 aliquem
1170 3684 1219 3754 rel
1248 3709 1287 3753 ex

213 3780 388 3850 christiano
421 3780 585 3877 republica
623 3780 810 3878 expellunt,
852 3708 904 3849 vei
943 3784 1175 3853 communione
1233 3808 1288 3852 re-

214 3900 290 3946 cum
327 3893 362 3946 et
402 3876 635 3971 Eucharistiae,
681 3878 731 3948 vel
770 3875 929 3971 dignitate
973 3880 1123 3974 privant,
1158 3808 1288 3947 ecciesia

215 3972 485 4046 accommodavit.

259 4118 289 4218 ς.
308 4118 370 4188 ii.
406 4119 604 4192 Dividuntnr
639 4146 784 4194 censurat
818 4123 852 4192 in
894 4119 1286 4205 excommunicationem,

213 4218 479 4313 suspensionem,
522 4218 745 4291 interdictum.
796 4214 930 4289 Cunctis
970 4220 1097 4312 gravior
1140 4229 1187 4285 est
1228 4240 1287 4285 ex-
