3575 5625
475 574 508 621 vt

471 695 563 769 datis,
585 694 706 775 professi
726 712 848 757 samuse
875 719 889 749 ιι
913 694 993 759 Nihil
1013 695 1139 776 optatius
1157 694 1327 775 contingere
1342 693 1429 757 nobis
1447 712 1546 775 posse,

471 804 484 833 s
512 796 600 857 quam
614 778 706 839 vitam
721 797 776 857 pro
792 776 862 838 liliis
878 779 1001 850 nostris,
1022 779 1072 856 qui
1090 786 1159 839 sunt
1176 778 1275 841 datiis
1287 778 1407 858 populi,
1425 778 1548 857 prolun-

470 885 483 915 ι
511 860 597 930 dere,
610 860 636 920 si
650 877 754 921 eorum
765 859 843 920 salus
857 868 954 938 posset
966 860 1087 919 interitu
1102 866 1201 920 nostro
1214 859 1431 939 repraesentari.
1448 885 1461 910 ι

511 940 557 1001 to
584 959 649 1002 eaa
675 945 761 1002 Patre
775 941 1044 1003 misericordiarum
1061 938 1244 1021 impetranda
1262 959 1332 1001 cnm
1349 939 1548 1002 indesinenter

470 1040 571 1102 preces
583 1030 709 1094 nostrae,
726 1024 921 1103 laerymoeque
935 1024 966 1084 in
985 1022 1112 1083 maxima
1127 1022 1217 1083 animi
1232 1021 1411 1101 egritudine
1425 1022 1548 1101 prolan-

471 1104 629 1177 donentur,
652 1130 666 1157 ιι
679 1107 756 1165 Dans
772 1105 864 1166 totius
876 1106 1098 1177 consolationis,
1114 1104 1165 1184 qni
1179 1105 1344 1166 consolatur
1356 1123 1411 1166 nos
1422 1104 1455 1165 in
1469 1103 1547 1165 omni

470 1212 484 1239 ιι
512 1184 701 1247 tribulatione
713 1195 831 1259 nostra,
855 1210 868 1240 ιι
898 1187 1065 1248 recordatus
1084 1185 1293 1247 misericordie
1310 1204 1386 1255 sue,
1404 1187 1548 1265 respicere

470 1267 609 1348 dignatus
629 1275 672 1329 ast
692 1266 824 1329 dolorem
844 1275 998 1342 nostrum,
1021 1286 1055 1327 ae
1076 1267 1250 1329 admirando
1272 1267 1469 1347 providentiae
1488 1284 1547 1329 suae

470 1350 602 1427 consilio,
617 1368 671 1411 nec
680 1349 870 1429 opinantibus
879 1350 982 1422 Nobis,
999 1347 1111 1410 aditum
1122 1349 1249 1428 aperuit,
1262 1366 1321 1427 quo
1331 1350 1402 1421 Nos,
1415 1356 1446 1409 et
1461 1352 1547 1409 tanbs

470 1432 556 1492 malis
568 1448 735 1504 occurrere,
749 1439 778 1492 et
792 1430 926 1494 Ecclesiae
937 1431 1080 1492 unitatem
1094 1439 1124 1493 et
1134 1430 1323 1503 charitatem,
1337 1449 1428 1508 quam
1449 1455 1463 1483 ιι
1477 1431 1546 1490 anti·
1656 1438 1657 1441 ’

471 1538 485 1566 ιι
512 1532 587 1592 quus
605 1512 727 1573 humani
743 1512 858 1593 generis
876 1512 969 1575 bostis
986 1512 1222 1593 superseminans
1236 1512 1346 1573 zizania
1362 1528 1453 1591 super
1466 1530 1546 1590 mys·

469 1620 483 1648 a
511 1596 602 1655 ticum
618 1595 751 1655 Ecclesiae
769 1611 873 1675 ogram
898 1621 911 1651 ι
942 1594 1100 1656 dissolvere
1126 1602 1214 1672 atque
1234 1593 1408 1673 extinguere
1426 1602 1546 1655 conatus

470 1684 548 1747 erat,
561 1676 747 1738 constabilire
761 1676 868 1737 iterum
880 1694 914 1738 ac
927 1694 1065 1738 revocare
1077 1694 1238 1756 possemus.

511 1758 663 1837 Siquidem
675 1758 725 1818 ille
740 1758 900 1829 Dominus,
924 1784 937 1811 ιι
948 1758 999 1836 qui
1015 1758 1096 1819 dives
1107 1765 1151 1819 est
1165 1758 1195 1818 in
1206 1754 1423 1830 misericordia,
1438 1756 1548 1835 cogitat

470 1865 485 1893 ιι
512 1840 631 1901 consilia
642 1840 721 1919 pacis
734 1846 764 1900 et
778 1858 838 1900 non
852 1838 1035 1915 afflictionis,
1050 1864 1064 1894 ι
1084 1839 1228 1900 illustrem
1242 1838 1341 1899 virum
1354 1855 1445 1918 penas
1459 1856 1547 1917 quem

470 1940 677 2064 {leitil
688 1918 1330 2082 blittltttltttttillidi
1345 1920 1548 2081 iltuit.

471 2083 651 2146 abundantia
676 2085 754 2163 pacis
779 2084 931 2164 Religione
960 2084 1111 2155 restituta,
1143 2082 1359 2145 bellicosissima
1385 2082 1437 2143 illa
1462 2082 1547 2147 Natio

471 2166 510 2227 ad
521 2168 640 2228 unicam
652 2165 721 2227 fidei
733 2174 867 2227 centrum
878 2175 1076 2229 revocaretur.

511 2250 570 2309 Vix
591 2248 757 2309 carissimus
777 2248 807 2309 in
829 2251 951 2310 Gamsrc
972 2248 1050 2309 filius
1073 2252 1172 2309 noster
1193 2246 1343 2327 Napoleon
1364 2248 1543 2325 lionaparte,

472 2329 579 2390 Consul
591 2330 705 2408 primus
724 2328 903 2408 Reipublicae
920 2330 1070 2407 gallicanae
1085 2328 1141 2389 sibi
1160 2334 1278 2407 gratum
1298 2327 1363 2389 fore
1377 2326 1546 2388 testificatus

471 2418 530 2479 est,
546 2418 579 2469 ut
594 2410 728 2470 tractatio
742 2410 883 2481 iniretur,
899 2410 929 2469 vi
948 2409 1030 2488 cujus
1047 2410 1197 2490 religionis
1210 2411 1305 2471 cultus
1315 2409 1348 2471 in
1360 2408 1469 2483 Gallia,
1485 2412 1545 2470 Dso
1656 2416 1657 2487 ζ

470 2488 637 2567 adjuvante,
656 2488 780 2549 feliciter
796 2489 1014 2564 restitueretur,
1029 2492 1139 2571 gratias
1149 2490 1263 2571 egimus
1273 2493 1352 2563 Deo,
1365 2490 1450 2569 eujus
1461 2491 1546 2551 unius
1656 2534 1657 2555 .

469 2570 678 2631 misericordiae
692 2569 748 2631 hoc
768 2590 822 2632 nos
844 2571 1021 2633 beneficium
1046 2581 1197 2653 acceptum
1217 2571 1428 2635 referebamus.
1446 2575 1547 2651 imque
1656 2604 1657 2631 ι

469 2671 509 2714 nc
521 2661 621 2715 nostro
638 2652 772 2727 muneri,
793 2672 826 2714 ac
841 2653 948 2716 studiis
965 2652 1096 2733 ejusdem
1109 2654 1200 2734 primi
1218 2653 1351 2717 Consulis
1364 2652 1545 2728 deessemus,
1656 2666 1657 2671 ’

469 2734 569 2796 statim
587 2734 785 2795 venerabilem
799 2735 922 2797 lratrem
938 2736 1198 2817 Arebiepisoopum
1215 2735 1366 2807 Corinthi,
1384 2734 1422 2795 ad
1439 2735 1548 2796 ineun-

471 2817 538 2879 dam
556 2818 630 2878 tanti
647 2815 735 2895 hujus
752 2818 863 2898 negotii
878 2818 1083 2881 tractationem
1099 2819 1244 2880 misimus.
1261 2819 1319 2894 Qui
1336 2836 1403 2878 cum
1422 2817 1547 2880 Parisios

470 2899 612 2971 venisset,
635 2899 736 2961 maltis
750 2897 820 2961 binc
835 2899 905 2962 inde
919 2899 1055 2962 discussis
1071 2907 1160 2978 atquc
1176 2898 1404 2977 animadversis,
1427 2900 1546 2961 tandem
1656 2883 1657 2934 ³

472 2983 552 3044 misit
566 2981 603 3042 ad
616 3000 668 3043 nos
680 2981 818 3044 articulos
827 2981 970 3060 quosdam
984 2982 1040 3044 sibi
1054 2983 1229 3062 propositos.

512 3063 557 3124 Ad
571 3082 644 3142 quos
664 3063 822 3144 diligenter
831 3063 1039 3144 expendendos
1055 3083 1108 3126 nos
1123 3063 1204 3126 omni
1218 3063 1315 3126 studio
1328 3062 1463 3125 animum
1476 3057 1546 3139 adji·
1656 3077 1657 3104 ι

471 3144 595 3216 cientes,
609 3147 785 3207 sententiam
796 3146 884 3207 etiam
899 3145 1002 3208 andire
1014 3145 1160 3208 voluimus
1174 3146 1409 3226 congregationis
1423 3161 1547 3205 venua·

469 3225 573 3288 biliam
588 3225 713 3288 fratrum
733 3235 901 3289 nostrorum
918 3235 1024 3291 sanctae
1037 3231 1176 3290 Romane
1197 3227 1322 3289 ecclesiae
1334 3226 1544 3298 cardinalium,
1656 3225 1657 3230 ’

471 3308 523 3385 qni
541 3307 579 3368 ad
596 3315 725 3370 mentem
742 3329 825 3370 suam
846 3309 885 3372 de
906 3317 967 3372 tota
989 3310 1042 3372 bac
1062 3329 1147 3370 causa
1164 3306 1249 3370 nobis
1267 3308 1458 3388 aperiendam
1472 3324 1547 3386 saepe
1656 3369 1657 3378 ,

470 3406 570 3448 coram
584 3390 669 3451 nobis
684 3392 868 3471 congregati,
886 3400 917 3452 et
933 3409 1019 3468 voce,
1039 3398 1068 3454 et
1085 3393 1193 3472 scripto
1209 3391 1282 3472 quid
1298 3391 1444 3453 sentirent
1457 3385 1545 3453 llobis
1656 3381 1657 3430 t

471 3467 722 3548 significaverunt.

513 3553 586 3611 Cum
602 3559 701 3613 antem
717 3553 748 3613 in
767 3570 800 3614 re
820 3552 893 3613 tanti
918 3555 1078 3628 momenti,
1103 3554 1176 3616 iilud
1198 3554 1359 3634 praecipue,
1377 3561 1411 3614 ut
1426 3549 1545 3612 decebat
1656 3561 1657 3568 ³

472 3630 635 3692 curandum
656 3633 935 3708 existimaverimus,
959 3643 992 3696 nt
1015 3637 1136 3714 vestigia
1158 3636 1332 3698 Pontificum
1354 3633 1546 3697 Praedeoesso

472 3732 539 3774 rum
563 3721 731 3775 nostrorum
751 3733 956 3794 sequeremur,
981 3727 1134 3797 propterea
1149 3726 1313 3796 repetentes
1328 3716 1470 3778 memoria
1496 3731 1544 3786 ea,

471 3815 538 3876 quaa
551 3794 590 3858 ab
602 3795 707 3856 iisdem
720 3795 794 3857 iacta
805 3797 921 3859 inerant
933 3799 965 3860 in
977 3798 1217 3861 extraordinariis
1227 3808 1394 3878 temporum
1408 3795 1546 3859 difficilli-

473 3897 590 3940 morum
601 3876 730 3954 casibus,
742 3896 810 3938 cum
820 3879 998 3959 gravissima·
1008 3881 1182 3961 populorum
1192 3879 1429 3960 perturbationes
1438 3884 1546 3940 exortae

471 3959 618 4023 intestinis
636 3959 764 4022 motibus
780 3962 921 4022 maximas
938 3961 1078 4024 Nationes
1095 3962 1259 4042 agitarent,
1278 3963 1379 4042 plura,
1400 3961 1504 4042 gravia
1517 3966 1546 4020 et

473 4042 603 4103 luctuosa
621 4042 759 4104 accidisse
775 4040 984 4122 comperimus,
1007 4063 1073 4124 quae
1098 4052 1166 4104 ante
1186 4046 1285 4107 oeulos
1303 4051 1418 4106 nostros
1435 4041 1543 4122 posita,

472 4141 530 4199 qua
544 4122 650 4205 agendi
663 4124 783 4188 notione
795 4124 839 4187 uti
852 4141 1003 4204 possemus
1016 4125 1101 4189 nobis
1114 4125 1211 4206 aliquo
1225 4126 1313 4190 modo
1326 4123 1504 4189 instarent.
