3575 5625
888 581 1110 656 ..tta-

460 734 584 832 ceperit
624 730 715 830 quod
758 730 910 829 petebat,
956 746 1045 802 recte
1086 755 1159 801 reus
1197 729 1421 826 exceptionem
1459 755 1537 828 pro-

462 834 575 929 ponit,
610 857 670 928 per
704 855 803 927 quam
834 829 877 900 ab
915 853 949 900 se
988 827 1064 900 lctae
1101 829 1271 899 sententiae
1308 829 1536 901 executionem

462 930 590 999 avertit.

502 1073 545 1156 (l)
564 1074 636 1156 Lep.
655 1075 720 1135 tet
735 1075 755 1136 8
770 1070 835 1135 cod.
856 1070 893 1134 cle
914 1072 1058 1154 Except.‚·
1076 1071 1113 1133 t.
1134 1071 1153 1132 2
1177 1069 1242 1134 cod.
1265 1073 1385 1133 Senten.
1406 1069 1538 1135 rescout.
1670 1143 1671 1160 i

463 1170 524 1217 nort
533 1173 615 1238 pota.

502 1235 545 1317 (r)
566 1237 602 1296 t.
625 1238 660 1298 tt
710 1233 820 1299 ‚ac-s.
840 1233 1059 1311 curuos,
1079 1237 1146 1298 nt
1171 1233 1197 1317 ς.
1217 1233 1323 1310 ιω.
1344 1231 1421 1316 sos.
1440 1233 1535 1315 soff.
1670 1209 1671 1212 ‘

461 1315 498 1379 dc
511 1315 670 1402 lleijorlt'c.
725 1319 790 1380 nler
802 1318 953 1399 cujacium
965 1317 997 1380 t‘tt
1010 1319 1084 1380 c.29
1096 1317 1132 1380 de
1147 1319 1225 1380 Test.
1242 1336 1311 1400 opp.
1326 1324 1347 1377 t.
1365 1313 1449 1378 ficol.
1462 1317 1536 1378 ato.

510 1443 543 1545 ς.
583 1445 627 1518 V.
662 1447 828 1519 Dilatorise
868 1449 1074 1544 exceptiones
1117 1462 1175 1518 aut
1214 1449 1315 1544 ipsam
1360 1447 1539 1543 respiciunt

462 1569 613 1636 censam,
651 1560 708 1616 aut
744 1561 911 1635 actorem,
954 1560 1012 1617 aut
1042 1543 1203 1642 judicem.
1245 1544 1367 1616 Prioris
1411 1547 1540 1638 generis

461 1657 539 1712 sunt
568 1645 773 1739 exceptiones
806 1643 892 1734 illae,
929 1667 1006 1741 quae
1037 1657 1269 1739 proponuntur
1298 1657 1411 1713 contra
1440 1639 1540 1712 libel-

461 1737 553 1828 lum,
583 1739 673 1838 quod
706 1743 748 1812 sit
777 1740 828 1812 rel
861 1743 1011 1837 ineptus,
1044 1738 1095 1810 tel
1132 1739 1307 1828 obscurus,
1345 1737 1434 1836 quod
1469 1761 1539 1810 non

462 1839 592 1908 cesserit
631 1836 801 1910 solutionis
846 1837 935 1929 dies,
978 1836 1069 1935 quod
1112 1836 1266 1908 feriarum
1309 1851 1458 1931 tempore
1497 1837 1541 1906 sit

464 1936 576 2005 emissa
594 1936 716 2006 citatio.

511 2053 543 2152 ς.
571 2052 631 2125 vl.
660 2055 776 2126 Feriati
803 2054 871 2126 dies
894 2071 973 2126 sunt
999 2053 1066 2144 illi,
1099 2055 1218 2153 quibus
1244 2054 1316 2151 lege
1346 2079 1441 2149 agere
1470 2079 1541 2126 non

463 2149 559 2241 licet,
589 2166 623 2222 ct
648 2155 754 2224 onmis
772 2151 935 2252 judicialis
965 2155 1118 2249 strepitus
1144 2154 1343 2250 conquiescit
1371 2152 1438 2248 (1).
1474 2152 1540 2224 Fc-

463 2250 586 2319 riarum
625 2249 776 2346 quaedsm
810 2249 941 2340 civiles,
980 2248 1132 2348 quaedam
1167 2251 1386 2322 ecclesiasticae
1419 2247 1541 2322 dicun-

465 2361 539 2433 tur3
571 2345 633 2417 hoc
664 2364 732 2419 eat:
776 2347 929 2445 quasdam
961 2347 1159 2438 hominum,
1191 2349 1343 2445 quaedam
1373 2347 1539 2444 religionis

464 2468 559 2513 cansa
580 2445 740 2518 institutae
766 2461 855 2516 sunt.
886 2443 956 2517 lllae
987 2447 1081 2516 variae
1106 2459 1184 2516 sunt
1211 2469 1271 2540 pro
1301 2470 1392 2515 more
1422 2461 1456 2517 et
1486 2445 1541 2514 le-

464 2539 558 2635 gibus
584 2542 804 2637 populorum,
828 2544 1003 2639 praecipuae
1033 2560 1143 2613 tamen
1175 2545 1342 2637 pertinent
1372 2541 1415 2612 ad
1442 2568 1540 2615 com·

465 2636 562 2707 moda
590 2641 742 2710 messium
771 2655 806 2709 et
825 2639 1064 2711 vindemiarum
1096 2639 1170 2737 (ἢ)
1200 2639 1252 2711 hae
1274 2654 1353 2709 sunt
1380 2641 1454 2713 dies
1477 2641 1540 2712 dc-

465 2739 642 2806 vott‘ottttm
670 2752 705 2806 et
725 2740 930 2809 aaronem
971 2737 1045 2834 (5),
1089 2759 1146 2808 seu
1182 2737 1254 2809 lesti
1299 2735 1387 2829 dies,
1420 2737 1540 2835 quibus

465 2830 613 2927 religioni
651 2858 785 2930 operam
826 2834 905 2907 dure
943 2849 1074 2931 oportet
1117 2851 1152 2905 et
1190 2835 1308 2933 quihus
1349 2859 1541 2908 communes

466 2928 534 3000 diet
554 2947 771 3026 opponuntur
799 2931 868 3027 (4)
900 2932 980 3004 Jure
1002 2931 1086 3003 civili
1107 2932 1277 3031 judiciales
1305 2948 1395 3003 actus
1419 2933 1541 3005 feriatis

466 3025 580 3096 diebus
613 3032 753 3100 exerceri
791 3052 860 3101 non
896 3046 1033 3125 possunt
1070 3030 1148 3127 (5),
1180 3032 1241 3100 nisi
1275 3028 1438 3125 litigantes
1483 3056 1541 3101 sua

465 3140 582 3219 sponte
622 3126 664 3196 ad
693 3124 841 3224 judicem
875 3129 1008 3198 veniant
1042 3125 1115 3223 (6);
1149 3126 1206 3197 sed
1236 3126 1316 3198 Jure
1355 3128 1538 3217 canonico,

466 3245 508 3290 ne
545 3224 621 3316 ipsis
662 3224 798 3319 quidem
835 3224 1037 3319 litigantibus
1077 3224 1373 3315 consentientibus,
1406 3223 1541 3298 eosdem
1670 3242 1671 3293 t

466 3333 556 3387 actus
582 3319 670 3389 lestis
692 3320 808 3392 diebus
838 3320 991 3416 expedire
1016 3322 1093 3395 licet
1110 3322 1181 3418 (7).

511 3462 554 3543 (l)
575 3462 729 3542 Eleganter
746 3463 868 3528 Ovidius
884 3468 968 3527 Fast.
988 3463 1037 3529 lt'b.
1057 3473 1070 3532 l
1090 3487 1168 3531 vers.
1185 3470 1256 3531 ⁷50
1301 3514 1308 3530 .
1331 3476 1353 3531 t.
1374 3472 1482 3553 ὅρα).
1502 3472 1541 3533 15

466 3544 742 3609 οά.,4πιεεο(οάαηιί
754 3547 833 3607 17οἳ
848 3546 902 3607 hos
915 3547 977 3610 dies
989 3552 1131 3630 expressit
1144 3550 1190 3612 his
1204 3552 1280 3613 versi
1303 3571 1354 3613 us:
1670 3548 1671 3589 t

692 3673 754 3729 Lite
770 3685 867 3729 vacent
880 3694 974 3745 aures,
988 3679 1135 3755 insanaque
1147 3680 1269 3754 protinus
1281 3678 1378 3737 absint·

691 3748 801 3824 lurgis,
813 3748 892 3806 differ
906 3770 987 3827 opus,
1005 3752 1090 3809 livida
1102 3754 1209 3829 lingue,
1223 3766 1314 3811 tuum.

466 3897 537 3962 ldeo
550 3916 567 3957 a
582 3897 694 3959 clericis
709 3898 771 3961 dics
785 3918 886 3963 omnes
904 3899 1097 3965 hebdomade
1111 3904 1193 3965 seriae
1207 3904 1358 3981 dicuntur,
1367 3903 1543 3983 quioclerici

466 3980 549 4041 nullo
561 3978 610 4040 die
626 3998 642 4039 a
656 3979 764 4043 divinis
777 4001 880 4045 vacare
897 3983 1022 4061 debont3
1040 3993 1128 4064 atque
1142 3987 1230 4047 etiam
1251 3984 1421 4047 flaminibus
1438 4002 1544 4048 omnes
1670 3992 1671 4011 ¹

467 4061 531 4123 dies
551 4060 647 4124 feriati
671 4072 773 4140 crant,
792 4065 870 4144 opud
885 4068 922 4127 Α.
938 4066 1064 4128 Gellium
1078 4068 1165 4129 Noct.
1182 4064 1268 4128 Attio.
1289 4064 1339 4129 to.
1358 4070 1397 4128 ¹0
1416 4084 1482 4149 cop.
1502 4068 1542 4130 tt

464 4161 538 4226 paq.
556 4145 611 4207 tot
632 4140 680 4207 ed.
696 4143 838 4227 turdos
859 4149 971 4209 Batou.
994 4148 1089 4227 tcto,
1112 4148 1192 4228 quod
1210 4156 1289 4211 recto
1302 4148 1466 4212 observavit
1484 4152 1543 4215 Ba·
