3575 5625
627 730 849 799 -205-

198 880 317 978 quibus
348 878 391 949 de
424 876 521 949 rebus
554 877 667 950 arbitri
696 878 846 977 judicare
881 876 1022 949 debeant
1060 880 1127 976 (l).
1169 882 1276 956 Gene-

197 980 294 1048 ratim
333 976 467 1048 ferenda
494 991 544 1047 est
571 976 613 1046 ab
641 976 770 1046 arbitris
795 977 957 1047 sententia
981 976 1074 1066 loco.
1112 980 1146 1048 in
1175 1008 1275 1077 quem

196 1077 468 1171 compromissum
492 1074 554 1143 fnit
585 1073 660 1171 (2);
693 1074 747 1145 die
774 1098 841 1145 non
873 1074 989 1145 feriato
1020 1074 1095 1170 (5);
1129 1092 1276 1174 tempore

196 1190 383 1263 convento,
422 1174 484 1242 nisi
524 1172 688 1267 litigantes
721 1170 851 1241 nullum
885 1188 1015 1268 tempus
1046 1170 1275 1264 definiverint,

196 1270 248 1341 rel
279 1272 349 1369 ejus
386 1269 585 1366 prorogandi
618 1270 747 1339 arbitris
792 1268 946 1340 dederint
980 1268 1191 1359 facultatem,
1227 1274 1279 1344 vel

194 1368 311 1438 arbitri
356 1369 491 1465 jurent,
540 1368 598 1437 sibi
642 1366 790 1438 nondum
842 1367 970 1464 liquere
1012 1366 1088 1464 (4);
1134 1369 1281 1465 partibus

195 1466 416 1562 praesenribus
451 1462 649 1560 publicanda
680 1482 728 1536 est
759 1463 836 1560 (5),
869 1466 934 1534 nisi
960 1463 1049 1534 aliud
1080 1465 1278 1563 populorum

197 1563 347 1635 moribus
379 1578 550 1659 reoeptum
583 1566 647 1648 sit;
676 1561 819 1657 denique
851 1559 985 1631 serenda
1016 1577 1065 1632 est
1100 1562 1142 1633 de
1174 1588 1280 1659 nego·

197 1666 266 1750 tio,
297 1660 388 1757 quod
426 1659 541 1731 datum
572 1659 655 1749 fuit,
690 1684 759 1731 non
792 1658 834 1771 de
869 1658 932 1730 alio
964 1658 1040 1773 (6)Ξ
1072 1674 1106 1729 et
1131 1661 1157 1729 si
1185 1660 1281 1759 plura

197 1774 634 1953 restitaret.
651 1753 1280 1950 tarr.artatae

197 1952 375 2042 definiant,
406 1980 484 2024 eum
517 1952 600 2025 hano
636 1968 831 2052 potestatem
863 1978 880 2021 a
916 1950 1118 2047 litigantibus
1152 1978 1225 2023 aeae

199 2066 281 2121 runt
305 2050 372 2147 (8),
397 2077 468 2123 non
494 2054 574 2123 item
597 2077 671 2123 oum
698 2076 734 2121 ea
758 2050 801 2121 de
833 2075 869 2119 ro
892 2047 974 2119 nihil
996 2066 1106 2121 aetum
1136 2065 1185 2132 est
1207 1979 1282 2147 (Β)

241 2222 286 2303 (t)
307 2225 414 2285 Confer
427 2238 494 2304 rap.
514 2226 527 2283 l
546 2233 572 2285 et
586 2224 626 2285 Η
638 2222 673 2285 de
688 2220 822 2285 arbitria.

240 2306 285 2467 (9)
306 2309 338 2367 L.
355 2308 394 2365 27
409 2304 435 2386 §.
448 2305 484 2366 Si
496 2303 605 2366 arbiter
618 2304 652 2388 ff.
666 2304 701 2366 da
714 2314 822 2385 recept.
839 2305 895 2388 ptri
905 2302 1009 2399 arbitr.
1025 2322 1153 2400 receper.

239 2386 274 2465 (5
306 2392 339 2449 Ι..
356 2389 418 2447 let
431 2388 449 2447 7
464 2384 541 2463 aad„
560 2395 587 2447 et
602 2391 635 2449 l..
649 2390 686 2449 ll
699 2386 736 2530 Τ.
753 2386 788 2447 de
803 2397 911 2469 recept.
927 2406 981 2471 qur
992 2384 1097 2448 arbitr.

240 2468 287 2547 (b)
310 2472 342 2530 L.
360 2472 414 2545 ll,
430 2472 485 2543 50,
501 2470 540 2529 58
557 2478 585 2529 et
597 2471 634 2530 at
648 2467 682 2551 [Τ
720 2488 734 2529 e
749 2478 855 2551 recept.
868 2470 925 2553 qai
937 2466 1045 2529 arbitr.
1060 2488 1154 2552 recep.

238 2552 286 2633 (5)
309 2554 341 2611 1..
357 2552 395 2611 ὅθ
427 2549 488 2611 .Sr'
499 2549 567 2633 qais
579 2550 614 2633 [Τ.
629 2548 694 2610 aad.

254 2632 287 2709 6)
309 2634 342 2693 Ι..
356 2634 394 2692 57
424 2630 482 2693 .de
496 2628 590 2715 affieri>
602 2631 637 2714 [Τ.
653 2630 716 2693 aad.

252 2712 286 2793 7)
308 2713 341 2775 ld
361 2732 432 2773 vero
449 2713 570 2791 plenum
584 2706 833 2793 'compromissum
848 2713 1013 2795 appellatur
1028 2715 1060 2775 l..
1080 2714 1120 2775 at
1144 2721 1173 2775 at
1188 2718 1220 2777 1..
1241 2716 1281 2776 27

345 2793 373 2877 S.
386 2791 515 2857 Plenam
523 2794 558 2878 [Τ.
575 2793 639 2858 aad.

238 2875 285 2958 (8)
309 2880 382 2960 Cap.
398 2880 436 2939 15
452 2875 487 2938 de
502 2875 635 2938 arbitris.

238 2961 285 3040 (9)
305 2964 339 3021 1..
354 2962 392 3022 57
410 2957 440 3040 §.
459 2957 671 3041 Quaaitamff.
689 2957 840 3042 dereaapt.
858 2958 914 3041 qai
927 2956 1033 3019 arbitr.
1048 2973 1175 3042 reaeper.

245 3112 280 3214 Τ.
311 3111 387 3183 Xll.
418 3112 496 3184 Non
535 3115 572 3182 in
609 3112 761 3184 omnibus
801 3129 914 3184 tamen
948 3114 1049 3183 eaesis
1080 3110 1194 3184 arbitri
1225 3114 1282 3182 ad-

195 3212 307 3281 hiberi
348 3227 504 3307 possunt,
547 3209 604 3280 sed
639 3212 676 3281 in
713 3212 751 3280 iis
782 3225 932 3298 tantum,
969 3233 1045 3305 quae
1079 3210 1197 3306 privati
1234 3238 1283 3280 ar·

196 3310 292 3378 bitrii
328 3323 423 3394 sunt3
467 3310 622 3405 quoniam
656 3333 717 3403 per
750 3306 931 3403 simplicem
964 3307 1077 3388 arbitri
1112 3307 1281 3378 notionem

195 3404 346 3502 expediri
377 3431 445 3476 non
471 3421 630 3502 possunt,
660 3429 737 3500 quae
767 3403 809 3474 ed
838 3407 887 3474 'us
918 3403 1089 3501 publicum
1114 3405 1282 3500 pertinent

197 3521 233 3574 et
283 3502 448 3599 publicam
489 3504 716 3574 auctoritatem
754 3433 952 3574 desiderant.
996 3503 1083 3596 Ergo
1129 3503 1283 3614 rejiciunt

200 3601 374 3670 arbitrium
411 3625 516 3672 causae
552 3602 766 3671 restitutionis
807 3601 843 3670 in
892 3603 1080 3697 integrum,
1124 3603 1281 3670 erimina·

199 3697 269 3785 les,
299 3697 479 3793 inquibus
509 3697 721 3768 criminaliter
757 3699 881 3792 agitur,
919 3699 998 3767 item
1027 3721 1131 3770 causae
1154 3693 1278 3785 status,

199 3795 324 3866 scilieet
358 3796 589 3890 ingenuitatis7
626 3793 802 3884 natalium,
841 3792 997 3864 libertatis
1037 3793 1112 3890 (l),
1140 3797 1281 3867 sationes

222 3889 375 3988 epulares
407 3909 441 3962 et
474 3891 604 3962 famosae
635 3893 710 3986 (2),
742 3889 889 3962 similiter
924 3915 1027 3963 oausae
1054 3893 1281 3961 matrimonia-

196 3919 246 4060 les
279 3987 355 4082 (5);
380 3992 504 4085 quippe
530 4014 605 4085 quae
632 4013 746 4059 omnes
772 3990 855 4059 vires
879 4004 1036 4085 superant
1060 3989 1194 4084 privatae
1221 4009 1281 4080 po·

197 4087 337 4157 testatis.
373 4086 481 4156 Etiam
516 4110 620 4158 causae
646 4088 919 4181 exemptionum,
956 4084 1047 4181 quod
1078 4085 1177 4152 iniis
1208 4083 1279 4173 agi-

198 4200 255 4252 tur
302 4181 345 4251 de
385 4182 465 4252 Jnre
501 4185 626 4252 *summi
674 4180 865 4270 Pontifie'is‚
912 4207 972 4278 per
1010 4179 1279 4275 eompromissum

198 4282 292 4350 nosci
323 4279 534 4374 expeditique
556 4303 623 4351 non
651 4295 788 4376 possunt
816 4279 881 4376 (4).
