3575 5625
899 573 1121 646 -111-

471 713 563 782 nones
584 721 691 800 passim
716 720 859 784 damnant
878 722 933 784 bns
952 723 1087 803 vulgares
1113 719 1301 802 purgationes
1325 735 1393 780 ouo.
1419 720 1438 780 7
1460 717 1487 800 S.
1507 721 1544 796 1,·

471 819 541 862 oon.
565 803 606 864 20
623 811 653 865 et
666 805 702 864 2l
725 821 792 885 nup.
822 805 841 864 1
864 824 919 888 qu.
936 807 972 881 5;
995 824 1021 865 e.
1042 806 1061 864 8
1083 801 1119 864 de
1136 805 1266 884 Purgant.
1287 819 1368 878 eon,
1394 807 1424 860 et
1442 801 1546 862 titulus

472 881 713 946 decretaliumde
737 887 868 968 Purgot.
889 882 1011 969 oulgm.
1034 885 1190 948 Tribuitur
1206 891 1305 944 nutem
1325 882 1466 962 Gregorio
1486 885 1545 952 11..
1670 911 1671 914 “

473 983 544 1025 ouo.
562 967 599 1042 7,
615 985 704 1044 quem
725 985 793 1029 mox
813 967 947 1044 leudari3
961 975 1040 1029 oerte
1059 967 1154 1047 prima
1169 967 1231 1044 ejus
1253 981 1320 1044 pars
1337 963 1490 1042 desumpta
1502 971 1548 1023 est

472 1063 509 1106 ex
523 1046 614 1125 ipsius
625 1049 759 1129 Gregorii
772 1067 818 1131 ep.
840 1053 859 1110 o
875 1046 927 1111 tit.
950 1052 988 1110 15
1002 1049 1044 1111 ud
1057 1044 1284 1109 Bruoiebildem
1309 1047 1418 1106 Fruoo.
1437 1045 1544 1126 Regin.

472 1145 541 1208 opp.
568 1127 949 1193 1011110111181111.
981 1129 1086 1192 Puris.
1110 1129 1173 1206 cit,
1207 1128 1260 1190 sed
1277 1127 1463 1206 persultem,
1494 1126 1547 1187 ubi

471 1209 601 1289 vulgaris
613 1228 667 1289 per
685 1212 825 1293 trigidum
848 1231 954 1290 aquam
979 1213 1164 1294 ignitumque
1189 1211 1301 1272 ferrum
1328 1207 1460 1288 probatio
1488 1225 1549 1269 me·
1671 1261 1672 1270 ,

471 1299 620 1369 moratur,
635 1294 766 1371 pertinet
779 1294 818 1356 ad
837 1294 990 1374 epistolam
1009 1293 1168 1356 Alexandri
1180 1295 1224 1369 ll,
1249 1290 1332 1368 eujus
1358 1290 1477 1351 initium
1502 1298 1549 1350 est

470 1370 505 1430 io
519 1391 586 1433 eoo.
605 1375 639 1434 11
664 1393 749 1436 eous.
771 1384 801 1437 et
833 1395 866 1437 u.
887 1374 951 1452 eit,
968 1383 1033 1454 post
1051 1374 1135 1453 eujus
1153 1393 1221 1436 eoo.
1243 1373 1278 1433 11
1301 1378 1431 1433 extreme
1455 1371 1547 1432 verbu

471 1469 539 1530 pars
561 1457 706 1532 posterior
717 1476 787 1517 eun.
811 1394 847 1535 i,
866 1456 1188 1536 eontinenterlegenda
1211 1461 1266 1516 ast.
1293 1457 1405 1515 Revera
1426 1454 1550 1516 Alexan·

472 1532 528 1594 dro
550 1538 576 1596 ll
591 1539 782 1615 posteriorem
807 1537 896 1618 hujus
920 1538 1040 1598 mnonis
1063 1545 1175 1617 partem
1194 1533 1300 1596 tribuit
1323 1538 1374 1597 lvo
1399 1536 1489 1596 Part.
1508 1537 1549 1596 10

470 1632 538 1696 cop.
556 1618 591 1688 1,
613 1626 643 1678 et
656 1620 759 1681 Peon.
782 1615 833 1682 lab.
859 1623 961 1702 beop.
978 1622 1013 1695 8,
1032 1618 1111 1698 quod
1132 1618 1293 1679 rectissime
1310 1617 1550 1678 animadversum
1672 1621 1673 1624 ’

472 1705 547 1758 esta
571 1701 711 1762 Romanis
730 1701 968 1778 comestoribus,
990 1701 1042 1780 qui
1065 1700 1223 1782 diligenter
1247 1699 1335 1760 etiam
1349 1705 1452 1759 nomnt
1475 1716 1550 1776 epo-

471 1778 600 1857 erypbos
612 1800 754 1859 oenones,
774 1784 825 1863 qui
847 1785 879 1845 in
900 1801 965 1844 eam
982 1799 1078 1844 reme
1097 1783 1235 1844 Gratiano
1251 1778 1417 1841 laudentur.
1433 1782 1550 1841 Verum

471 1859 579 1922 alieubi
602 1862 853 1942 ferventiorque,
878 1872 930 1925 aut
952 1863 1092 1925 terrentis
1114 1863 1186 1924 ierri
1205 1862 1346 1923 'udieium
1369 1862 1549 1940 permissum

472 1940 562 2001 luisse
575 1943 673 2004 innuit
686 1944 886 2006 'triburiensis
900 1944 1015 2005 concilii
1028 1962 1121 2005 eonon
1134 1883 1212 2024 apud

470 2038 536 2100 cop.
557 2023 577 2081 2
614 2043 646 2084 u.
669 2027 704 2099 b,
721 2024 804 2102 eujus
822 2025 942 2086 mnonis
962 2026 1105 2086 sententia
1121 2033 1166 2087 est
1184 2025 1214 2085 in
1233 2043 1300 2106 cop.
1320 2027 1334 2085 l
1355 2023 1390 2085 de
1413 2025 1549 2105 Purpot.

471 2119 541 2162 eon.
626 2109 766 2182 quonlam
787 2105 851 2168 bne
861 2105 972 2185 judicie
992 2125 1109 2186 semper
1133 2110 1263 2170 llomsna
1286 2105 1404 2166 ecelesia
1418 2113 1552 2166 aversata

472 2190 531 2259 est,
553 2200 587 2244 ea
608 2185 698 2246 verbu
712 2184 842 2269 sementi
858 2207 954 2270 opto,
976 2196 1032 2249 out
1054 2185 1193 2250 tondenti
1214 2186 1297 2284 ferro
1320 2186 1449 2265 prudens
1469 2190 1554 2267 Ray-

472 2263 603 2326 mundus
616 2269 726 2328 omisit.
742 2269 917 2352 Vulgarium
927 2269 1134 2350 probationum
1149 2269 1270 2349 vestigia
1291 2287 1384 2348 usque
1397 2268 1436 2328 ad
1448 2276 1553 2329 extre-

433 2409 436 2413 ,
472 2361 552 2404 mam
576 2355 692 2409 estatem
716 2349 823 2412 alieubi
846 2351 1025 2431 superfuisse
1042 2350 1132 2412 tradit
1150 2353 1214 2412 Van
1240 2355 1335 2429 Espen
1359 2354 1419 2412 loo
1443 2346 1549 2412 socies.

1238 1943 1408 2006 Gratianum
1424 1959 1490 2003 ena.
1507 1945 1549 2004 to
1673 1991 1674 2014 ,

472 2425 606 2490 univers.
618 2447 689 2511 por.
705 2431 781 2493 stit,
796 2435 816 2493 8
830 2451 917 2494 uum.
933 2434 983 2493 57.
1008 2431 1085 2494 Vide
1101 2433 1191 2493 etiam
1205 2435 1324 2493 ivonem
1338 2435 1553 2494 Carnotensem
1674 2461 1675 2464 ¹

473 2525 519 2588 ep.
544 2510 586 2602 71
605 2528 675 2605 opp.
699 2520 770 2574 tom.
795 2516 907 2596 bpog.
933 2515 972 2574 57
994 2511 1066 2575 edit.
1092 2513 1198 2576 Poris.
1217 2514 1313 2588 1017,
1338 2521 1368 2574 et
1395 2511 1552 2575 Cironium

473 2588 618 2651 Paratut.
635 2611 669 2653 ut
679 2591 820 2658 decretul-
836 2594 872 2656 de
882 2597 1010 2677 Purgot.
1037 2591 1157 2676 uulgum

516 2668 560 2751 (1)
574 2673 665 2752 Aque
685 2675 802 2755 irigidoe
816 2676 962 2756 judicium
980 2695 1072 2736 unum
1087 2685 1150 2736 erat
1164 2694 1200 2736 ex
1219 2673 1389 2756 vulgaribus
1400 2673 1556 2754 probatio-

475 2749 578 2828 nibus,
605 2771 678 2835 quas
700 2759 754 2820 Dei
772 2756 883 2838 judicio
897 2757 1093 2837 appellebant.
1110 2757 1258 2821 Gravioris
1272 2756 1393 2836 alicujus
1415 2755 1554 2820 oriminis
1675 2798 1676 2825 r

475 2841 642 2914 suspectus,
656 2847 707 2899 aut
720 2847 885 2916 aecusatus,
904 2842 936 2901 in
951 2857 1025 2918 aqua
1045 2840 1248 2921 mergebatur,
1263 2859 1297 2901 ao
1310 2840 1334 2899 si
1348 2846 1558 2917 supernataret
1675 2860 1676 2865 ¹

475 2932 584 2977 nooens
597 2938 724 2996 aereus,
748 2930 849 2982 eontra
872 2922 944 2981 siin
966 2920 1059 2981 imum
1078 2922 1279 2997 delaberetur,
1304 2921 1444 2981 innocens
1465 2919 1557 2998 judi-

474 2996 607 3060 cabatur.
629 3026 643 3055 α
658 3002 829 3084 Conligotur
845 3010 946 3064 autem
965 3003 1050 3079 lune,
1072 3002 1168 3081 iuquit
1190 3004 1363 3065 llinemarus
1377 3000 1415 3061 de
1434 3002 1555 3063 Divort.

474 3078 610 3159 Lethen,
638 3088 691 3161 qui
717 3084 929 3146 examinandus
957 3083 988 3145 in
1015 3102 1120 3163 aquam
1150 3086 1341 3146 demittitur.
1360 3126 1392 3143 ..
1411 3126 1418 3141 .
1434 3082 1485 3161 qui
1512 3083 1557 3145 ob

476 3158 549 3221 duas
573 3181 673 3225 neruus
698 3167 838 3248 oonligari
864 3165 997 3242 ridetur,
1030 3164 1139 3227 scilieet
1166 3184 1204 3227 ne
1228 3174 1279 3227 out
1308 3164 1435 3243 aliquam
1459 3166 1558 3242 possit

476 3240 611 3305 fraudem
633 3244 788 3324 injudicio
810 3248 922 3322 faeere,
949 3254 1000 3307 eut
1027 3249 1051 3306 si
1076 3265 1149 3325 sque
1180 3247 1264 3308 illum
1289 3246 1371 3307 velut
1396 3244 1557 3307 innoxium

475 3326 635 3399 reoeperit,
653 3344 692 3385 ne
706 3328 738 3386 in
754 3347 830 3406 aqua
847 3327 1047 3406 periclitetur,
1072 3326 1109 3387 ad
1133 3336 1249 3409 tempus
1275 3329 1369 3389 velent
1393 3326 1516 3387 retrahi.
1536 3354 1552 3383 a

477 3399 591 3463 Similia
613 3404 703 3465 bnbet
716 3415 848 3467 vetustus
871 3408 953 3468 Ordo
973 3409 1052 3485 upud
1077 3410 1253 3471 llsrtenium
1274 3406 1310 3469 de
1329 3408 1434 3492 antiq.
1451 3403 1557 3472 scetes.

476 3478 531 3540 rit.
549 3482 624 3544 Ord.
639 3486 658 3543 o
673 3482 723 3546 lib,
749 3490 849 3569 deep.
869 3490 900 3548 7.
925 3488 1074 3552 Judieiurn
1100 3489 1156 3552 hou
1177 3509 1260 3569 aquae
1282 3490 1400 3571 'frigide
1424 3489 1513 3549 etiam
1540 3510 1560 3553 a

476 3565 629 3627 monachis
639 3566 807 3629 adhibitum
826 3576 926 3629 namot
952 3570 1137 3632 Mobillonius
1159 3568 1273 3634 Annei.
1294 3571 1406 3633 Beoed.
1436 3566 1486 3632 lib.
1513 3572 1561 3634 111

478 3640 507 3723 §-
523 3648 583 3707 tta
605 3655 678 3709 tom.
704 3651 807 3731 lpug.
835 3652 891 3711 111
910 3649 947 3713 ed
967 3652 1057 3713 tuce
1084 3654 1179 3715 1759.
1204 3650 1318 3729 Quibus
1336 3661 1434 3714 autem
1445 3650 1562 3715 ritibus

478 3729 701 3790 eteeremooits
711 3729 856 3809 judicium
877 3732 952 3793 illud
965 3750 999 3793 ee
1023 3740 1135 3811 estere,
1160 3734 1197 3795 de
1217 3734 1325 3813 quibus
1347 3753 1415 3795 mox
1436 3732 1560 3813 deam,

480 3818 689 3890 perageretur,
705 3812 877 3890 ostendunt,
891 3822 1000 3894 praeter
1013 3822 1136 3893 eeteros,
1148 3818 1267 3878 Juretus
1281 3817 1314 3877 io
1325 3818 1412 3877 loon.
1429 3816 1562 3877 namot.

479 3904 528 4028 ἵρ.
544 3894 584 3953 71
591 3910 664 3973 pag.
682 3895 742 3955 151
761 3910 824 3977 seq.
848 3891 897 3954 ed.
920 3894 1019 3956 Puris
1040 3897 1135 3973 1617;
1165 3896 1266 3958 Delrio
1288 3895 1321 3958 d'
1356 3896 1416 3958 rtis.
1442 3896 1559 3977 mugio.

493 3970 563 4035 111
587 3992 640 4057 qo.
666 3976 769 4035 lueet.
782 3978 819 4050 t;
840 3972 972 4037 Pithoeus
995 3975 1029 4037 io
1050 3974 1148 4039 Gloss.
1176 3976 1218 4039 ad
1231 3978 1311 4061 oepit
1349 4022 1356 4040 .
1386 3973 1486 4039 Caroli
1504 3978 1559 4040 M.

480 4052 559 4117 oerb.
583 4058 679 4138 Aque
700 4053 844 4138 sementia
867 4064 939 4133 ete.,·
966 4058 1099 4120 Baluzius
1127 4056 1261 4121 Formul.
1291 4058 1461 4121 Eooroisot.
1483 4067 1563 4139 post

481 4133 642 4218 capitular.
659 4138 732 4221 Reg.
750 4140 862 4200 Frnoe.
885 4146 957 4201 torar.
976 4140 996 4201 2
1016 4137 1070 4203 ool.
1091 4142 1152 4201 111
1173 4158 1234 4222 sep.
1251 4138 1298 4203 ed.
1324 4142 1423 4202 Venet.
1448 4140 1560 4219 1⁷553
