3575 5625
689 697 910 772 -too-

258 861 316 928 pro
335 870 428 924 sepiae
452 867 552 922 ημερις
573 846 709 927 legerunt
728 864 834 921 κημις.
860 847 1006 911 Bodinum
1024 849 1130 912 refellit
1153 861 1182 913 et
1207 855 1335 936 exagitat

259 929 395 1007 Cujaoius
409 926 452 988 od
469 927 517 987 tit.
536 929 575 988 63
596 926 662 990 cod.
679 925 729 988 lid.
752 930 772 989 7
793 945 862 1011 opp.
884 939 955 990 tom.
973 931 991 992 9
1015 929 1070 992 col.
1088 935 1168 996 4044
1182 932 1253 996 edit.
1270 935 1335 1014 eit„

257 1010 312 1070 ubi
354 1009 509 1068 renuam
529 1007 621 1070 habes
643 1009 804 1072 doctissimi
823 1010 880 1071 viri
899 1011 938 1072 da
955 1009 1012 1073 hoc
1033 1012 1153 1075 homine
1177 1015 1336 1093 judicium.

258 1029 368 1152 enode
390 1090 458 1185 dies
468 1091 556 1151 etiam
576 1089 749 1173 temporalia
768 1091 879 1153 dicitur
891 1091 922 1152 in
937 1095 970 1154 L.
993 1093 1033 1154 52
1055 1091 1120 1156 tud.
1135 1093 1171 1156 dc
1188 1095 1337 1180 Appellat.

258 1171 387 1234 Consule
405 1172 556 1251 cujacium
572 1170 642 1235 ote.
660 1169 712 1235 to.
728 1174 768 1235 tt
781 1191 808 1234 c.
821 1176 842 1235 4
857 1190 928 1256 opp.
944 1181 967 1237 t.
991 1177 1010 1236 5
1031 1171 1087 1238 col.
1106 1177 1165 1238 507
1180 1176 1275 1259 ejusd.
1290 1179 1338 1241 cd.

257 1426 266 1440 ⁸
308 1325 341 1426 ς.
379 1325 444 1396 ΙΧ.
484 1327 565 1398 June
601 1325 803 1441 digestonum
842 1345 877 1398 ct
924 1325 1065 1442 oodioie‚
1113 1327 1340 1428 appellationis

257 1423 846 1618 ff⁰iii¹ii¹¹iiui⁸id⁰iui¹diiam
865 1440 1341 1620 pittutttttlilt

258 1618 342 1708 bet,
372 1621 430 1718 qui
457 1645 499 1716 ap
524 1619 622 1690 ellare
646 1617 764 1709 vellet,
798 1617 914 1693 decem
947 1619 1076 1691 dicrum
1097 1645 1112 1690 e
1136 1623 1239 1692 atium
1264 1647 1341 1696 cou-

260 1718 358 1787 oeeit
391 1716 459 1814 (ᾗ).
493 1644 734 1789 Iustinianeum
758 1717 816 1815 jue
850 1716 1046 1790 Innocentio
1080 1647 1135 1788 nI
1164 1718 1341 1815 probatum

262 1831 314 1884 eet
340 1811 408 1908 (ὅ),
446 1813 547 1911 idque
572 1830 645 1886 tum
669 1816 707 1884 in
728 1811 901 1913 judiciali,
932 1828 1006 1884 tum
1035 1815 1070 1886 iu
1106 1816 1342 1914 extrajudieiali

262 1910 483 2008 appellatione
518 1910 715 1982 servandum
750 1935 840 2002 esse,
876 1909 1066 1984 Bonisaoius
1099 1911 1179 1984 VIII
1219 1917 1342 1986 consti·

163 2095 168 2104 1
262 2012 331 2079 tuit
354 2008 422 2104 (4).
456 2007 528 2079 IIoc
558 2024 690 2106 tempus
719 2010 756 2080 in
788 2009 958 2080 sententiis
989 2008 1055 2079 labi
1091 2011 1209 2108 incipit
1237 2035 1256 2082 a
1290 2010 1343 2082 die

262 2104 339 2176 Iatae
373 2107 568 2195 sententiae,
604 2108 639 2175 in
676 2104 746 2178 aliie
780 2105 905 2180 actibus
937 2131 976 2177 ex
1007 2109 1076 2203 ipso
1118 2123 1214 2197 actu,
1253 2107 1376 2179 uude*

264 2202 450 2300 appellatur
474 2203 540 2298 (5).
564 2201 668 2288 Quod
696 2205 742 2274 ita
778 2202 1005 2301 accipiendum
1032 2220 1099 2294 cst,
1135 2207 1161 2276 ei
1188 2203 1343 2277 adversus

263 2317 463 2397 praesentem
488 2300 588 2371 fuerit
620 2303 882 2408 pronuntiatum.
917 2299 1002 2372 Nam
1031 2303 1057 2371 si
1099 2301 1250 2373 adversus
1283 2302 1344 2372 ab·

262 2414 416 2488 sentem,
443 2397 542 2496 hujus
572 2401 729 2493 temporie
758 2399 889 2468 initium
924 2399 1083 2496 repetitur
1112 2424 1225 2471 nona
1263 2397 1341 2486 die,

264 2518 335 2590 quo
364 2495 430 2565 lata
461 2511 511 2566 est
541 2497 725 2586 sententia,
758 2493 859 2567 ecda
892 2494 946 2567 die
980 2519 1047 2593 quo
1076 2499 1149 2592 quis
1191 2497 1262 2592 ejus
1297 2499 1344 2568 rei

263 2594 387 2664 certior
406 2592 509 2665 fectus
533 2610 596 2666 est.
616 2592 683 2688 (o).

270 2776 580 2942 ‘opildhplmfiussdld
601 2773 838 2861 etth-mats.
856 2775 977 2858 Quoad.
1002 2719 1163 2863 dppellct.‚·
1185 2781 1218 2841 L.
1239 2780 1258 2841 6
1281 2777 1345 2860 §.a

309 2942 343 3021 (l
373 2939 492 3002 Nouell.
507 2944 547 3005 25
561 2960 629 3023 cup.
648 2942 678 3015 l,·
690 2938 784 3004 Auli.
796 2937 881 3002 leodic
891 2938 958 3003 uod.
973 2938 1009 3003 dc
1023 2938 1133 3023 appell.

309 3022 341 3101 (5
376 3023 451 3104 Cup.
467 3026 507 3084 tt
520 3022 556 3085 dc
568 3029 694 3085 tentent.
712 3030 740 3084 et
750 3041 783 3084 re
789 3020 892 3105 judic.

310 3104 343 3184 (l
376 3104 452 3185 Cap.
470 3102 687 3185 8deuppeliut.
704 3103 738 3165 iu
751 3106 782 3165 6.

311 3187 354 3264 td>
374 3188 407 3247 Ι..
427 3189 441 3246 4
480 3230 488 3245 .
505 3184 656 3262 Biduum,
671 3193 699 3247 et
713 3184 740 3267 S.
758 3182 847 3263 Quod
858 3183 894 3245 io
906 3188 1031 3244 scatent.
1097 3179 1219 3259 ριιαπά.
1236 3182 1345 3279 appell.

310 3266 354 3347 (6)
376 3266 434 3329 cit.
461 3184 519 3349 Iep.
544 3271 556 3328 l
585 3264 612 3347 §-
634 3265 692 3328 ult.
716 3274 745 3327 et
768 3285 804 3328 cu
828 3308 836 3326 .
859 3266 879 3327 8
904 3262 941 3326 dc
957 3178 1078 3345 apped'
1087 3263 1128 3357 in·
1147 3264 1191 3357 ⁶2,
1207 3264 1259 3325 ubi
1280 3282 1347 3327 cum

270 3348 350 3409 dicut
373 3348 539 3410 Bonifatius
566 3346 650 3429 infru
672 3345 771 3409 decem
796 3286 874 3425 dica,
903 3353 1065 3485 postquam
1085 3351 1217 3418 sonent,
1239 3348 1349 3425 perspi-

270 3448 360 3491 cuum
374 3438 436 3506 cet,
452 3429 532 3525 quod
553 3438 633 3489 recte
650 3429 740 3509 vulgo
762 3427 887 3505 dicitur,
907 3444 981 3506 appe
992 3424 1109 3487 lationis
1127 3426 1348 3508 interponenda

269 3518 389 3590 tempus
400 3510 485 3572 initio
499 3510 587 3583 utile,
601 3510 739 3589 deinceps
749 3526 819 3571 vero
832 3509 1005 3571 continuum
1018 3526 1091 3569 esee.

322 3663 354 3763 §.
389 3664 442 3736 X.
473 3662 553 3735 Post
578 3662 829 3761 appellationem
852 3665 1098 3761 interpositam,
1127 3662 1247 3735 litterae
1271 3661 1349 3735 dau·

272 3761 328 3835 dae
348 3778 427 3833 eunt
458 3761 499 3831 ab
526 3787 566 3835 eo
602 3786 621 3832 a
652 3786 720 3858 quo
748 3760 951 3857 appellatum
982 3775 1050 3850 est,
1087 3759 1127 3831 ad
1158 3784 1259 3849 eum,
1292 3763 1349 3857 qui

271 3858 319 3930 da
339 3857 560 3955 appellatione
583 3862 773 3953 cogniturus
796 3874 847 3929 est
871 3855 931 3954 (i)
967 3854 1054 3943 Quae
1084 3855 1202 3928 litteuae
1236 3855 1349 3928 dicun·

272 3973 332 4027 tur
356 3956 503 4052 Apostoli
527 3981 545 4025 a
571 3979 677 4051 graeco
699 3954 800 4028 verbo
825 3970 1043 4043 αποστελλω,
1069 3953 1171 4024 latine
1202 3952 1345 4022 dimitto.

271 4052 364 4125 Sunt
386 4055 474 4124 enim
500 4052 619 4123 litterae
650 4051 735 4123 date
763 4078 782 4121 a
807 4052 942 4149 judice9
978 4052 1037 4145 qui
1063 4050 1261 4123 sententiam
1284 4046 1350 4118 edi·

271 4150 345 4240 diu,
376 4174 436 4247 per
458 4174 539 4247 quas
568 4175 663 4220 causa
698 4148 876 4219 dimittitur
903 4146 945 4217 ad
980 4172 1079 4235 eum,
1112 4148 1170 4242 qui
1202 4141 1350 4241 appella·

272 4260 333 4320 tue
361 4262 411 4320 eet
432 4245 499 4344 (ἢ).
529 4246 654 4320 Harum
676 4244 860 4321 litterarum
890 4270 960 4319 non
982 4267 1086 4315 unum
1114 4264 1229 4338 genus.
1263 4238 1348 4315 Nam
