3575 5625
692 595 914 667 -545-

252 763 298 819 ut
340 742 477 842 simplex
513 742 685 815 fornicatio
726 746 875 839 punitur.
925 743 969 815 dt
1017 743 1217 841 sacrilegium
1261 771 1338 817 cum

251 842 393 915 moniali
441 842 651 914 commissum
695 843 833 936 graviori
875 866 985 939 poenae
1031 842 1211 941 subjicitur.
1253 844 1338 916 Nam

256 944 311 1011 'us
339 940 432 1012 civile
463 939 562 1038 hujus
593 940 738 1009 criminis
773 964 866 1009 reum
901 955 1008 1011 morte
1040 941 1175 1011 mulctat
1204 944 1340 1039 e'usque

248 969 346 1120 bona
378 1039 574 1110 monasterio
610 1035 764 1108 adscribit
806 1036 872 1133 (l).
909 1036 989 1107 Jure
1026 1040 1180 1110 canonico
1216 969 1337 1127 laicus,

256 1139 318 1233 qui
367 1134 544 1207 monialem
589 1136 799 1231 compressit,
845 1138 1170 1224 excommunicatur,
1208 1135 1341 1206 clericus

254 1235 408 1330 privatur
447 1232 608 1304 beneficio
645 1247 680 1302 et
719 1231 885 1327 depositus
912 1230 954 1301 ab
986 1232 1102 1304 ordine
1143 1234 1180 1301 in
1206 1257 1339 1303 monas-

257 1334 407 1421 terium,
439 1356 495 1400 seu
527 1331 635 1427 potius
667 1332 702 1399 in
731 1354 893 1400 carcerem
926 1328 1134 1418 detruditur,
1170 1332 1239 1427 ipsa
1264 1354 1341 1401 vero

257 1426 433 1517 monialis,
469 1452 546 1523 quae
585 1450 621 1497 se
656 1424 767 1498 violari
805 1453 895 1525 passa
936 1442 1005 1516 est,
1050 1442 1108 1498 aut
1148 1430 1184 1498 in
1223 1429 1340 1500 arctius

257 1526 517 1614 monasterium,
553 1538 611 1595 aut
651 1526 686 1594 in
729 1550 892 1595 carcerem
938 1526 1109 1623 conjicitur
1148 1524 1215 1621 (9).
1256 1524 1341 1595 Con-

257 1623 390 1694 cubitus
436 1621 599 1693 cbristiani
636 1620 778 1693 bominis
821 1647 897 1694 cum
935 1622 1068 1720 judaea,
1117 1622 1167 1694 vel
1210 1621 1340 1693 ethnica

257 1720 419 1812 muliere,
463 1722 542 1790 licet
580 1745 598 1789 a
638 1718 777 1816 simplici
825 1720 1039 1793 fornicatione
1077 1746 1148 1791 non
1187 1718 1338 1805 differat,

256 1816 456 1914 plerumque
495 1833 601 1888 tamen
640 1820 767 1911 gravius
805 1820 943 1913 punitur
975 1817 1019 1888 ob
1055 1820 1208 1917 injuriam
1239 1819 1341 1889 cbris-

257 1918 351 1985 tiano
387 1916 513 1986 nomini
549 1912 692 2003 illatam3
731 1942 769 1987 ac
799 1918 826 1985 si
857 1918 1027 2011 promissio
1068 1917 1236 1988 accesserit
1265 1940 1340 1985 ma·

261 2014 428 2103 trimonii,
464 2016 561 2083 etiarn
612 2011 784 2104 adulterii,
823 2039 892 2085 non
932 2029 1044 2085 tamen
1088 2016 1202 2111 capitis
1243 2036 1340 2109 poena

263 2112 380 2208 ajuro
403 2110 487 2181 civili
514 2126 681 2182 coercetur
708 2108 776 2207 (5).

302 2270 346 2353 (l)
365 2273 402 2334 t.
427 2275 445 2334 t
469 2269 533 2333 cad.
556 2271 592 2334 dc
619 2272 709 2355 episc.
739 2282 768 2335 ct
793 2272 903 2351 aterio,
929 2292 1000 2335 coo.
1025 2276 1084 2335 123
1108 2293 1174 2358 cop.
1200 2276 1250 2335 tt.
1282 2274 1340 2335 Sed

262 2354 351 2417 hodic
365 2356 514 2415 criminosi
529 2354 606 2415 bona
624 2354 786 2417 heredibus
804 2357 931 2436 relinqui
946 2356 1040 2417 solent
1061 2356 1147 2419 autb.
1169 2362 1256 2421 Bono
1271 2352 1337 2416 cod.

263 2433 299 2497 dc
312 2433 379 2498 boa.
390 2437 550 2519 proscript.

302 2516 345 2599 (2)
368 2521 441 2579 coa.
459 2520 492 2595 6,
511 2520 565 2594 Η,
582 2521 636 2595 25,
652 2521 692 2581 28
707 2537 791 2581 cous.
807 2520 846 2581 27
861 2528 969 2603 queat.
986 2523 1015 2580 t.

303 2600 346 2683 (ὅ)
368 2601 403 2660 L.
418 2602 436 2661 6
450 2598 513 2661 cod.
527 2597 561 2660 dc
573 2598 702 2663 ludaeis.

311 2750 343 2854 §.
372 2751 463 2825 Vllt.
498 2754 656 2850 Raptores
693 2758 876 2851 virginum,
909 2758 971 2827 nisi
1003 2759 1198 2829 assentiente
1229 2755 1338 2852 puella

261 2855 386 2923 crimen
431 2855 638 2925 matrimonio
684 2871 864 2950 purgetur,
904 2857 1238 2925 excommunicatione
1280 2881 1340 2950 pu·
1396 2903 1405 2912 ·

262 2952 421 3040 niuntur,
450 2965 506 3020 aut
533 2950 755 3047 depositione,
785 2956 811 3022 si
840 2951 974 3024 clericus
998 2969 1109 3048 raptor
1141 2952 1239 3021 fuerit
1270 2952 1337 3044 (1).

262 3047 424 3146 Raptores
456 3047 621 3138 mulieris,
657 3075 731 3146 quae
767 3051 873 3121 airum
911 3047 1030 3135 babet,
1061 3047 1201 3118 subsunt
1236 3049 1342 3141 poenis

262 3143 487 3216 adulterorum
523 3169 559 3214 ac
591 3149 723 3233 ceteris,
756 3172 830 3243 quae
859 3146 1059 3241 singularum
1085 3146 1231 3239 gentium
1264 3166 1341 3214 mo·

260 3242 352 3312 ribus
390 3267 462 3313 rece
487 3257 530 3312 tae
567 3260 644 3315 sunt
687 3243 762 3343 (2)3
807 3269 970 3316 sacrarum
1009 3259 1117 3312 autem
1161 3244 1338 3336 virginum,

261 3341 328 3410 sire
361 3268 552 3412 monialium
583 3357 728 3437 raptores
763 3367 878 3440 poenas
908 3341 1101 3440 perferunt,
1131 3365 1207 3438 quae
1238 3371 1256 3413 a
1286 3366 1341 3410 sa-

262 3439 325 3506 cris
352 3438 530 3509 canonibus
556 3454 669 3510 contra
705 3455 851 3535 raptores
881 3440 978 3511 simul
1007 3456 1041 3512 et
1068 3439 1236 3534 sacrilegos
1265 3453 1342 3513 sunt

262 3535 450 3606 constitutae
486 3536 554 3632 (ὅ).
596 3536 654 3608 Jus
694 3537 787 3608 civile
827 3563 922 3635 poena
965 3541 1078 3636 capitis
1113 3538 1342 3610 animadvertit

262 3633 297 3701 in
326 3646 491 3727 raptorem
531 3634 695 3724 mulieris,
725 3638 906 3732 praesertim
935 3653 1052 3733 nuptae
1082 3653 1116 3706 et
1147 3635 1233 3708 illius
1254 3639 1341 3710 bona

264 3727 388 3799 addicit
416 3731 477 3800 isi
511 3731 660 3821 mulieri,
695 3757 769 3828 quae
802 3748 894 3831 rapta
930 3751 999 3825 est,
1041 3734 1140 3805 modo
1178 3736 1340 3832 ingenua,

263 3850 331 3896 non
358 3755 486 3917 ancilla,
517 3845 574 3899 aut
603 3827 756 3900 libertina
783 3833 824 3900 sit
853 3831 920 3928 (d)

304 3995 346 4077 (l)
369 3998 444 4058 Coa.
464 4000 575 4061 lcous.
594 4002 633 4061 56
647 4021 700 4085 qu.
715 4005 745 4062 2.

304 4080 346 4160 (ἢ)
369 4080 532 4141 Concilium
547 4083 756 4144 'tridentinum
775 4102 846 4146 sess.
869 4086 909 4146 tt
926 4104 991 4167 cap.
1012 4083 1079 4146 ode
1100 4080 1223 4164 reform.
1247 4090 1339 4142 atotr.

265 4159 364 4238 plures
376 4163 528 4223 constituit
542 4180 641 4241 paenas
657 4175 757 4226 contra
772 4185 836 4243 cos,
856 4168 906 4244 qui
926 4167 1105 4228 matrimonii
1122 4162 1243 4224 incundi
1258 4181 1342 4225 causa
