3575 5625
439 791 537 865 quae‚
577 790 650 834 cum
688 765 724 832 in
760 762 794 832 iis
825 761 973 859 obreptio
1010 775 1066 831 aut
1099 758 1264 854 subreptio
1301 758 1405 843 inest,
1440 759 1511 827 vim

439 862 562 933 nullam
598 862 730 931 babent.
764 858 869 932 Hodie
886 858 944 929 -de
978 862 1032 949 vi,
1071 874 1128 927 aut
1168 857 1286 925 'ustitia
1322 856 1508 952 privilegii,

439 960 603 1049 mandati,
644 974 700 1029 aut
734 956 989 1031 confirmationis
1034 956 1117 1026 sedis
1152 883 1345 1051 dpostoiicae
1391 951 1511 1050 dispu-

439 1062 500 1129 tari
533 1085 600 1131 non
631 1057 734 1146 solet,
771 1058 831 1127 nisi
864 1058 1007 1152 primum
1042 1053 1083 1127 ab
1117 1056 1186 1152 ipso
1223 1050 1384 1123 Poutifice
1414 1056 1509 1137 oris,

441 1171 477 1227 ut
497 1173 632 1245 vocant,
661 1160 810 1253 aperitio
833 1155 931 1225 suerit
954 1157 1138 1250 impetrata.

481 1296 522 1377 (i)
546 1298 617 1377 Cup.
634 1299 648 1357 i
665 1294 739 1357 etde
753 1292 928 1377 Confirmat.
943 1290 1012 1356 usn.
1027 1289 1184 1354 ordinatii.

573 1816 578 1829 ’
685 1870 1015 1963 aurnuns
1043 1869 1246 1959 naua.

893 2070 930 2133 lic
950 2068 1062 2133 Arbitrio

934 2259 1018 2269 -aeo—

441 2380 459 2429 l.
474 2379 519 2429 Per
534 2376 637 2427 arbitros
650 2385 675 2426 ot
689 2376 862 2427 transactiones
877 2376 931 2428 lites
1009 2378 1050 2428 lx.
1063 2376 1190 2439 Quomodo
1205 2376 1288 2442 plures
1297 2373 1381 2425 arbitri
1389 2374 1506 2440 judicare

505 2444 633 2493 tolluntur.
1075 2442 1193 2500 debeantr
1212 2452 1237 2491 et
1253 2440 1314 2508 quid
1329 2441 1465 2508 agendum,
1483 2441 1509 2491 si

440 2512 471 2563 tl.
484 2508 543 2572 Quis
553 2508 659 2559 arbiter?
1074 2507 1342 2559 intersedisseutiaut?

440 2577 482 2629 111.
496 2572 593 2625 Arbiter
610 2575 646 2625 rei
670 2571 817 2625 necessarius
838 2572 875 2624 vei
892 2590 932 2625 ro
1009 2574 1038 2624 X.
1052 2573 1155 2636 Quando
1170 2572 1255 2624 arbitri
1264 2570 1365 2641 cogendi
1381 2572 1413 2623 ad
1424 2570 1510 2623 feren-

505 2639 633 2691 iuntan'us.
1074 2639 1275 2705 dumjudicium.

441 2706 481 2757 tv.
501 2706 594 2767 Quibus
615 2706 640 2755 in
656 2704 729 2755 rebus
748 2703 876 2757 necessarii
893 2722 932 2757 ar·
1009 2706 1051 2757 xt.
1074 2704 1201 2767 Quomodo
1221 2705 1254 2757 ab
1275 2702 1372 2755 arbitris
1389 2702 1508 2769 judican-

394 2804 400 2824 .
504 2771 561 2824 bitri
570 2772 737 2826 assumantur?
1073 2770 1152 2822 dumi

440 2840 467 2888 V.
482 2839 573 2915 Arbitri
583 2837 718 2916 ⁸voluntarii
732 2837 825 2888 nullam
842 2839 933 2890 babent
1009 2837 1063 2888 xtt.
1075 2838 1222 2916 Qneucauusp
1237 2835 1348 2915 reiiciant
1357 2833 1510 2912 arbitrium}

439 2971 478 3023 Vi.
495 2904 778 3022 ddiibiaiidodbllirbitro
793 2971 842 3022 lata
859 2987 932 3040 quam
1009 2903 1317 3037 marsibili-iiim]iiiiiaoiiiib¹
1332 2901 1508 3045 ididigiririm

504 3037 552 3086 rim
564 3037 671 3088 habeat?
1010 3036 1072 3086 xtv.
1087 3035 1145 3096 Quis
1164 3035 1257 3087 arbitn'i
1273 3044 1440 3085 exacuuonem
1460 3034 1507 3084 de-

439 3103 490 3154 Vss.
509 3102 555 3164 Qui
567 3102 653 3154 arbitri
664 3119 716 3154 esse
725 3103 834 3170 possint?
1075 3103 1174 3152 cerna?

439 3168 643 3285 Viii.fl¹iinupiue‚
669 3185 700 3220 an
733 3170 815 3236 piures
846 3168 930 3219 arbitri
1010 3167 1060 3219 XV.
1073 3167 1200 3228 Quomodo
1210 3167 1334 3234 exspirent
1344 3163 1461 3216 arbitria?

529 3252 583 3302 rgen
602 3237 627 3286 i?

930 3349 960 3449 a.
988 3349 1015 3422 1.

489 3497 651 3567 Fonnnsan
695 3500 887 3592 strepitum,
926 3495 1103 3595 longasque
1146 3525 1183 3570 ac
1218 3497 1411 3596 periculosas
1448 3499 1508 3596 ju-

439 3595 595 3666 diciorum
636 3594 783 3689 ambages
819 3593 1010 3665 declinaturi
1054 3622 1121 3668 non
1162 3622 1233 3669 raro
1273 3599 1509 3669 controversias

438 3718 549 3764 omnes
601 3692 798 3764 arbitrorum
844 3691 921 3764 fidei
978 3693 1201 3791 dijudicandas
1250 3696 1505 3784 committimus,

439 3809 495 3862 aut
537 3791 624 3862 initis
661 3808 776 3863 mutuo
816 3817 974 3862 consensu
1021 3794 1122 3889 pactis
1163 3810 1197 3866 et
1230 3791 1510 3865 transactionibus

437 3889 584 3961 sedamus
626 3906 724 3986 atque
768 3893 1004 3986 componimus.
1045 3891 1159 3988 ltaque
1203 3907 1412 3988 posteaquam
1462 3890 1510 3963 de

433 3989 562 4086 judiciis
594 4005 701 4060 actum
725 4005 791 4078 est,
828 3987 933 4084 aliqua
961 3990 1057 4058 etiam
1089 3988 1131 4060 de
1157 3989 1308 4078 arbitris,
1336 4006 1370 4060 et
1397 3989 1514 4087 aliqua

440 4091 517 4158 item
540 4087 582 4158 de
613 4089 711 4185 pactis
739 4103 771 4158 et
803 4087 1069 4159 transactionibus
1094 4086 1243 4159 addenda
1267 4103 1357 4158 suut.
1605 4083 1609 4089 ’

487 4184 517 4284 ᾗ.
543 4186 585 4256 lt.
618 4187 746 4262 Arbiter
773 4187 805 4256 in
840 4183 930 4256 libris
968 4187 1053 4284 juris
1080 4185 1179 4257 civilis
1216 4210 1301 4281 saepe
1332 4203 1381 4257 est
1402 4185 1513 4283 judex
