3575 5625
940 620 1160 690 -102-

548 769 590 848 (Ι)
612 769 648 828 L.
664 771 676 829 l
695 765 758 829 eorl.
775 765 811 828 de
829 765 956 842 Testib.,·
968 786 1035 849 cop.
1053 764 1139 826 atde
1153 765 1260 828 Testtb.

549 851 590 928 (2)
614 853 686 930 Cap.
700 853 717 910 5
733 849 792 924 Qui
800 849 935 909 matrim.
949 867 1049 910 ocem.
1062 865 1129 930 poa.

548 932 591 1010 (5)
611 932 648 990 L.
667 931 732 1012 tff.
749 929 785 991 ale
800 927 908 991 Teatib.

548 1014 590 1094 (b)
613 1014 686 1094 Cap.
704 1015 743 1073 to
753 1019 782 1072 et
795 1013 834 1084 20
845 1009 881 1072 de
895 1009 1004 1073 Teatib.

556 1140 587 1241 §.
620 1140 716 1212 XVI.
761 1141 932 1213 Postremo
960 1139 1111 1214 adversus
1150 1156 1254 1212 oertas
1292 1165 1442 1238 personas
1478 1155 1556 1210 testa

508 1264 576 1312 esse
604 1254 776 1335 nequeunt
807 1265 881 1311 reus
911 1255 1026 1310 eontra
1052 1241 1154 1311 socios
1185 1241 1330 1310 oriminis
1358 1239 1433 1334 (l),
1457 1263 1557 1332 excep

507 1339 549 1406 tis
580 1337 770 1407 criminibus
797 1335 883 1409 laesae
910 1338 1104 1434 majestatis,
1132 1334 1262 1408 haeresis
1285 1352 1320 1408 et
1348 1333 1555 1428 simonieffl),

508 1436 658 1504 inimicus
697 1448 810 1505 eontra
844 1435 1015 1504 inimicum
1041 1433 1121 1532 (5),
1156 1433 1293 1505 libertus
1325 1449 1437 1506 eontra
1507 1446 1557 1500 tro

511 1555 592 1600 num
610 1531 688 1629 (4),
716 1529 804 1602 filius
837 1548 951 1602 eontra
984 1547 1112 1628 patrem
1150 1548 1185 1601 et
1209 1547 1303 1629 pater
1324 1545 1435 1604 eontra
1449 1456 1556 1613 filim,

509 1631 649 1724 exeeptis
693 1630 794 1699 causis
830 1629 1121 1700 matrimonialibus
1204 1630 1240 1725 );
1279 1627 1467 1715 haereticus,
1498 1623 1558 1697 eth·

508 1727 618 1815 nicus,
643 1725 774 1823 judaeus
795 1743 909 1798 eontra
937 1727 1134 1799 orthodoxos
1180 1727 1238 1824 (i),
1272 1725 1417 1824 denique
1442 1727 1475 1793 in
1502 1747 1557 1793 cau·

508 1825 549 1894 sis
583 1823 803 1894 criminalibus
843 1824 916 1895 laioi
951 1851 969 1895 a
1006 1825 1142 1896 ferendo
1177 1841 1290 1895 eontra
1327 1824 1457 1895 elericos
1490 1820 1559 1890 testi-

509 1923 621 1992 monio
640 1924 717 2017 jure
742 1920 952 1992 decretabum
977 1922 1182 2019 repelluntur
1203 1921 1270 2020 (7).

550 2080 575 2162 (1
617 2083 690 2164 Gap.
709 2086 722 2143 t
739 2079 774 2144 de
790 2079 997 2224 Caprotinae
1021 2129 1028 2145 .
1045 2083 1255 2148 toleratio.
1297 2053 1300 2058 Ι

551 2163 581 2241 (9
616 2166 691 2224 Con.
709 2167 721 2224 l
736 2161 839 2225 disat
865 2171 983 2248 ,oapi
1030 2172 1142 2231 Hoeret.
1152 2168 1228 2243 iam·
1241 2172 1329 2250 oapi
1346 2167 1384 2231 de
1396 2162 1557 2230 restoino,

551 2246 581 2321 (5
616 2247 689 2326 Cap.
705 2244 740 2306 de
755 2245 869 2308 Simon.

550 2327 581 2404 (l
614 2328 651 2388 L.
667 2325 734 2409 ΗΓ.
752 2327 788 2390 de
806 2326 932 2404 Teatib.‚·
945 2330 982 2390 L.
999 2332 1034 2391 ll
1049 2329 1114 2392 eod.
1130 2329 1166 2392 de
1184 2327 1291 2392 Teatib.

552 2405 594 2486 (ὅ)
620 2411 693 2468 Con.
707 2406 763 2470 ult.
778 2428 804 2470 e.
819 2412 880 2492 tq.
893 2413 931 2486 23
944 2411 982 2471 L.
997 2413 1016 2470 ὅ
1029 2411 1065 2495 (Ῑ.
1078 2411 1114 2474 sle
1128 2409 1254 2487 Testib.,·
1269 2413 1305 2474 L.
1323 2411 1419 2476 beotl.
1434 2409 1492 2474 eod.

552 2489 593 2568 (ὓ)
617 2492 689 2550 Can.
705 2493 744 2550 bl
759 2499 787 2551 et
803 2493 842 2552 26
857 2511 882 2551 c.
898 2496 982 2575 Qqu.
996 2493 1027 2552 7.

551 2569 594 2649 (7)
617 2572 689 2653 Cup.
704 2575 743 2632 tt
755 2571 791 2633 ale
807 2570 916 2634 Testib.

557 2697 589 2798 §.
618 2698 727 2771 XVll.
769 2701 871 2772 Probi
907 2718 942 2772 et
978 2700 1106 2775 bonesti
1140 2719 1238 2776 testes
1277 2705 1424 2800 legitime
1456 2701 1560 2776 exani·

511 2796 611 2867 naudi
644 2811 742 2890 sunt,
780 2816 818 2871 ut
849 2801 927 2897 ipsis
964 2802 1000 2870 in
1025 2801 1148 2901 judicio
1186 2800 1271 2873 fides
1301 2802 1468 2877 habeatur.
1491 2800 1560 2891 Ergo

511 2899 568 3063 qui
606 2894 745 2992 probare
787 2896 886 2967 debet
928 2897 1017 2993 quod
1057 2917 1106 2969 est
1142 2903 1332 2991 insertum,
1367 2918 1460 2975 testes
1496 2919 1561 2995 pro·

536 2995 620 3082 uait,
643 3018 724 3089 quos
754 2994 832 3064 inde
858 3011 1048 3092 oompetens
1062 2998 1165 3095 judex
1195 2996 1350 3090 advocat,
1375 3017 1560 3097 posteaquam

509 3116 563 3164 eos
605 3091 719 3187 dignos
751 3091 937 3191 judicarit,
976 3097 1033 3189 qui
1070 3098 1103 3166 in
1135 3094 1260 3193 judicio
1296 3101 1499 3195 recipiantur.
1531 3089 1561 3159 ln

509 3191 623 3284 primis
659 3205 768 3261 autem
803 3189 952 3263 citandus
987 3208 1037 3261 est
1075 3192 1292 3284 adversarius,
1336 3212 1449 3268 eontra
1480 3210 1561 3287 quem

510 3300 607 3357 testes
636 3285 841 3378 afferuntur,
881 3302 920 3359 ut
951 3303 1065 3359 contra
1102 3292 1187 3387 ipsos
1214 3308 1402 3387 proponat,
1439 3293 1464 3361 si
1498 3280 1563 3383 quil

511 3380 594 3453 forte
629 3382 850 3479 objiciendum
883 3383 1001 3455 habeat
1027 3387 1094 3483 (l).
1129 3387 1184 3458 Sic
1206 3388 1335 3483 probati
1366 3404 1462 3461 testes
1487 3383 1562 3455 initio

506 3480 641 3575 jurant,
685 3504 719 3549 se
750 3480 866 3576 procul
899 3480 1019 3555 babere
1045 3510 1154 3555 causas
1191 3508 1304 3557 omnes
1331 3488 1465 3581 gratiae,
1492 3479 1561 3563 odiis

510 3573 702 3665 simultatis,
731 3604 833 3674 eaque
862 3577 1007 3651 dicturos
1050 3607 1125 3677 quae
1152 3607 1227 3653 vere
1270 3586 1401 3674 sciunt,
1442 3606 1505 3652 non
1534 3588 1564 3645 ut

510 3675 661 3769 cuiquam
701 3675 950 3773 gratificentur,
989 3703 1098 3774 neque
1130 3695 1168 3749 ut
1199 3702 1292 3775 spem
1326 3680 1468 3779 aliquam
1499 3699 1565 3773 pro·

510 3772 647 3865 positam
686 3770 846 3863 babeant,
885 3772 943 3845 sed
981 3774 1071 3870 quod
1106 3802 1172 3847 uno
1210 3781 1352 3848 veritatis
1391 3775 1496 3848 studio
1528 3774 1565 3841 le

509 3882 630 3937 runtur
661 3868 727 3965 (b).
762 3869 890 3942 Deinde
917 3898 937 3941 a
961 3871 1075 3970 judice
1109 3872 1192 3944 olam
1224 3889 1259 3944 et
1284 3878 1416 3948 seorsim
1448 3873 1487 3943 ab
1510 3869 1565 3941 aliis

509 3964 627 4060 singuli
661 3969 852 4061 interrogari
895 3985 929 4039 et
970 3973 1145 4041 examinari
1183 3970 1305 4043 debent
1335 3972 1412 4070 (5);
1446 3972 1504 4041 nisi
1534 3989 1565 4037 ex

505 4064 592 4158 justa
623 4088 717 4135 eausa
756 4064 797 4134 ad
821 4064 969 4164 judicem
992 4070 1102 4139 venire
1130 4066 1377 4165 impediantur,
1412 4070 1487 4166 quia
1502 4084 1567 4139 tunc

511 4160 551 4228 ad
572 4184 626 4231 eos
654 4163 819 4252 mittitur,
849 4164 907 4258 qui
938 4166 1118 4261 interroget
1149 4166 1219 4261 (4).
