3575 5625
868 569 1089 640 ..554-

448 717 515 820 ·..§
545 718 610 790 IX.
647 719 757 815 Atque
794 717 865 788 huc
894 716 1029 814 quidem
1073 714 1195 787 debitio
1237 739 1410 786 usurarum
1445 729 1518 786 tum

435 820 528 888 initio
571 819 606 887 ia
646 832 777 912 pactum
821 815 940 886 deduci
979 831 1105 912 potest,
1154 830 1226 883 turn
1269 827 1380 910 poster
1424 811 1519 910 lapsu

436 931 503 987 tem
549 916 593 984 rio
623 915 752 985 exoriri.
794 912 955 985 Videlicet
991 915 1016 984 ai
1064 913 1157 984 initio
1204 936 1280 983 cum
1332 924 1522 982 contractus

437 939 629 1108 periiitur,
668 1012 727 1108 qui
763 1027 880 1082 mutuo
916 1009 973 1082 dat
1002 1012 1174 1108 pecuniam
1212 1010 1320 1080 statim
1357 1006 1520 1079 damnum

437 1112 544 1205 capit,
581 1107 683 1204 idque
722 1133 836 1180 rerum
870 1124 969 1206 utque
1008 1107 1234 1205 exploratum,
1273 1130 1341 1176 nou
1378 1104 1521 1175 dubium

437 1221 471 1276 et
502 1205 690 1277 simulatum
724 1222 793 1293 eat,
831 1221 920 1276 recte
953 1221 1090 1301 proter
1116 1204 1179 1276 hoc
1219 1203 1379 1274 damnum
1409 1225 1522 1273 usurae

437 1305 531 1376 initio
585 1305 831 1376 constituuntur
880 1303 948 1399 (l).
999 1230 1099 1388 (irad
1142 1305 1168 1372 si
1218 1300 1312 1399 lapsu
1361 1301 1521 1396 temporis

438 1403 560 1472 oriatur
587 1399 767 1490 damnum,
798 1398 889 1496 quod
928 1400 1021 1470 initio
1059 1399 1174 1494 procul
1215 1398 1342 1487 aberat,
1383 1421 1423 1468 co
1458 1395 1522 1468 de-

439 1523 532 1567 mum
562 1514 635 1569 orto
666 1495 833 1570 solreudae
865 1512 964 1569 eruut
1004 1519 1132 1584 usurae3
1172 1494 1230 1568 sed
1262 1497 1411 1593 primurn
1443 1518 1521 1566 mo-

438 1594 567 1666 nendus
603 1611 652 1666 est
693 1594 843 1684 debitor,
885 1609 924 1665 ut
971 1620 1040 1666 rem
1076 1619 1208 1666 omnem
1254 1590 1437 1688 intelligat,
1484 1617 1523 1661 ac

439 1695 558 1765 certior
579 1690 640 1763 fiat
658 1691 701 1764 de
728 1717 898 1763 usurarum
928 1716 1048 1782 onere,
1077 1716 1144 1788 quo
1178 1705 1348 1788 premetur
1379 1692 1415 1760 in
1442 1712 1523 1786 poo-

440 1804 568 1878 terum‚
597 1792 658 1862 nisi
684 1805 768 1863 stato
791 1789 845 1863 die
871 1793 1045 1886 pecuniam
1073 1792 1221 1861 restituat
1251 1787 1317 1886 (ἢ).

479 1963 523 2044 (t)
544 1967 575 2026 S.
592 1962 720 2025 'rhomae
742 1965 773 2024 2.
796 1965 816 2024 2
828 1981 883 2105 gu.
908 1964 947 2024 78
964 1971 1027 2026 ort.
1052 1965 1071 2024 b
1095 1960 1136 2024 od
1160 1965 1192 2039 t,
1214 1963 1313 2042 ibique
1328 1960 1463 2023 Nicotaus
1489 1961 1524 2022 in

439 2046 529 2108 notu.
547 2045 654 2107 Confer
675 2046 764 2106 ctiam
777 2062 827 2104 car
852 2045 916 2106 .dc
931 2049 1011 2126 bugu
1027 2043 1063 2107 dc
1071 2043 1151 2126 jaret.
1172 2052 1200 2106 ct
1209 2044 1277 2128 jur.
1304 2051 1375 2104 tom.
1393 2044 1414 2102 2
1432 2041 1524 2103 (1.Ξὸ

439 2145 498 2188 ecc.
514 2129 533 2186 6
547 2145 633 2188 oum.
660 2126 716 2203 723
737 2126 876 2188 btotiuam
899 2123 935 2188 dc
956 2125 1024 2189 ‘urb
1050 2134 1076 2188 ct
1085 2125 1153 2209 jur.
1169 2124 1200 2188 d.
1231 2127 1291 2188 btb
1307 2141 1391 2186 num.
1409 2125 1447 2201 7;
1473 2127 1528 2186 Ca·

440 2209 549 2268 uirium
563 2205 597 2268 dc
609 2225 697 2270 usur.
712 2227 779 2289 cup.
796 2211 808 2269 t
829 2227 915 2269 rrum.
936 2147 968 2268 i.

481 2288 523 2368 (d)
545 2291 641 2367 Atque
656 2289 712 2350 boc
728 2299 786 2364 cst,
802 2288 881 2368 quod
904 2289 1074 2370 pragmatici
1094 2287 1215 2365 dicunt,
1240 2288 1437 2350 necoeuriuur
1461 2303 1527 2348 esse

440 2367 720 2448 interpellationem,
737 2379 771 2430 ut
785 2389 882 2430 usuro
899 2370 1074 2431 debeantur.

490 2520 522 2622 §.
547 2522 593 2594 X.
631 2521 770 2595 Monitio
801 2521 874 2596 hoec
905 2540 938 2594 et
967 2522 1075 2621 lapsus
1110 2525 1291 2620 temporis,
1323 2546 1390 2620 quo
1420 2548 1527 2619 expe-

441 2619 560 2692 dienda
588 2620 707 2692 solutio
744 2637 817 2710 eat,
853 2621 930 2692 facit
962 2637 1000 2693 ot
1038 2621 1167 2694 debitor
1195 2625 1236 2694 tn
1269 2646 1371 2693 mora
1400 2623 1530 2692 cousti-

441 2735 531 2790 tutue
555 2716 701 2806 dicatur,
728 2742 804 2817 quae
838 2743 930 2790 mora
964 2717 1090 2790 nullam
1126 2718 1262 2816 quidem
1293 2743 1352 2816 per
1383 2743 1418 2790 se
1446 2733 1530 2788 tan·

443 2832 515 2887 tum
549 2815 717 2889 inducere-
741 2842 914 2892 usurarum
949 2816 1151 2889 debitionem
1189 2832 1298 2915 potest
1338 2815 1420 2911 (i),
1469 2818 1531 2888 iu-

442 2912 533 2986 ducit
565 2930 697 3003 auteru‚
733 2940 811 2987 cum
854 2940 890 2986 ea
932 2914 1090 2987 damnum
1130 2914 1247 3004 affert,
1296 2929 1353 2985 aut
1392 2913 1528 2986 lucrum

440 3013 619 3109 intercipit.
649 3012 759 3111 Atque
782 3012 854 3086 haec
881 3028 1065 3102 moreest,
1092 3038 1192 3109 quarn
1222 3037 1343 3085 cmm
1376 3027 1411 3082 et
1436 3036 1528 3108 prro-

435 3114 584 3205 prt'om,
625 3126 682 3181 aut
711 3111 913 3208 nquiorem
939 3110 1095 3200 dicimus,
1128 3134 1271 3207 quaeque
1294 3109 1366 3181 fieri
1404 3108 1527 3180 intelli·

445 3209 534 3301 gitur
561 3230 636 3279 non
663 3233 706 3281 ec
731 3232 784 3296 re,
804 3208 865 3281 red
881 3234 925 3281 eo
947 3232 1121 3306 merua,
1150 3210 1193 3279 id
1221 3221 1271 3279 ert
1298 3211 1334 3281 ri
1361 3209 1529 3305 interpel-

443 3306 540 3375 latur
562 3318 758 3401 opporturw
793 3306 863 3379 loco
898 3318 933 3379 et
970 3319 1121 3403 tempora
1163 3329 1237 3378 non
1280 3307 1418 3379 salvete
1453 3303 1526 3401 (2).

444 3398 507 3469 Cui
527 3423 630 3471 morae
657 3403 719 3471 alia
745 3404 945 3498 opponitur,
976 3427 1052 3500 quae
1079 3404 1292 3501 irreyulort'r
1318 3400 1528 3499 appellatur,

443 3511 477 3565 et
512 3497 565 3565 cui
595 3496 686 3567 locus
722 3513 796 3586 est,
836 3523 912 3569 cum
954 3501 1023 3570 siue
1063 3492 1129 3570 ulla
1168 3500 1336 3572 creditoris
1366 3502 1530 3597 petitione

444 3590 592 3683 debitor,
642 3595 700 3689 qui
729 3596 907 3668 constituto
950 3595 1004 3667 dic
1046 3621 1091 3671 aes
1128 3596 1271 3669 alienum
1304 3621 1373 3669 uon
1406 3594 1529 3669 dissol-

445 3690 514 3779 vit,
549 3692 619 3787 ipso
652 3692 731 3788 jure
766 3692 893 3786 cogitur
936 3709 1089 3789 prostare
1126 3694 1182 3786 id,
1226 3692 1315 3791 quod
1358 3692 1531 3767 creditoris

445 3789 598 3875 intereat,
635 3788 760 3859 ratione
791 3787 901 3858 habita
940 3790 1037 3862 aulius
1070 3795 1117 3863 rei
1145 3792 1288 3881 debita,
1325 3816 1426 3888 quem
1463 3816 1531 3889 op-

446 3899 591 3981 portuno
622 3899 771 3981 ternpore
803 3885 1022 3985 condictoque
1045 3888 1118 3963 loco
1148 3915 1216 3962 nou
1242 3889 1336 3963 solvit
1368 3888 1437 3989 (ὅ).

487 4048 531 4137 (t)
554 4048 652 4111 Solam
670 4056 748 4109 certe
766 4066 880 4111 mamm
900 4052 969 4114 satia
987 4070 1044 4113 nou
1066 4070 1144 4128 csse,
1161 4062 1195 4113 ut
1216 4072 1251 4115 ex
1274 4052 1398 4135 pecunia
1421 4063 1532 4115 mutuo

447 4128 514 4191 data
533 4148 631 4192 usurae
650 4130 865 4213 percipientur,
881 4150 918 4194 cx
936 4134 1086 4197 catholicae
1100 4134 1229 4197 ecdesioe
1252 4134 1396 4197 sententia
1421 4134 1532 4197 docent
