3575 5625
938 713 988 729 -
1014 673 1086 745 582
1112 671 1170 730 -'

510 822 781 910 communicatio,
816 843 892 917 quae
924 823 992 916 ipso
1031 823 1062 890 ri
1109 823 1248 892 nominis
1284 819 1399 892 eadem
1437 839 1507 911 est,
1540 849 1569 892 oc

509 922 625 1018 ejectio
656 918 700 990 de
739 943 876 1014 corpore
913 917 1077 1008 ecclesiae,
1106 917 1158 988 rel
1193 921 1438 1016 participatione
1473 945 1569 990 sacn-

510 1034 720 1106 mentorum,
756 1031 860 1112 etque
897 1019 932 1085 in
964 1018 1108 1112 antiquis
1141 1019 1383 1104 monumentis,
1422 1041 1570 1116 eryt-eqo·

510 1119 581 1201 tt'o,
609 1116 800 1200 munio,
839 1114 1006 1210 adjectio,
1043 1113 1267 1211 similibusque
1301 1113 1488 1185 nominibus
1519 1139 1570 1210 ap·

510 1209 665 1306 pellatur.
692 1209 794 1297 Quod
824 1211 983 1309 cujusque
1013 1214 1174 1284 rodentis
1193 1215 1249 1310 jus
1274 1229 1345 1300 est,
1380 1209 1413 1280 id
1443 1209 1570 1284 ecclesie

511 1333 644 1474 guoque
670 1311 726 1407 jue
759 1334 827 1380 esse
869 1307 988 1398 debet,
1042 1326 1081 1380 ut
1120 1311 1231 1382 noxios
1270 1308 1420 1380 homines
1464 1310 1567 1405 ejiciet.

555 1431 597 1475 ne
631 1430 698 1477 non
733 1405 838 1478 solum
872 1403 1003 1476 Hebraei
1036 1409 1211 1502 gravissimi
1244 1408 1389 1478 criminis
1419 1429 1489 1476 reos
1523 1407 1569 1475 in·

510 1501 605 1572 samir
642 1519 769 1574 nototos
801 1529 821 1574 e
857 1528 1020 1602 synogoga
1065 1521 1098 1574 et
1141 1505 1374 1576 communione
1420 1526 1568 1574 sacrorum

510 1599 705 1696 ejiciebant,
753 1599 810 1672 sed
858 1603 958 1671 etiam
993 1601 1114 1672 ehtnici
1160 1601 1224 1672 hoc
1269 1625 1373 1696 genus
1412 1599 1567 1670 hominum

511 1697 590 1766 diris
615 1697 839 1788 devovebant,
865 1699 932 1769 sire
946 1698 1215 1788 exsecrabuntur,
1270 1696 1336 1770 uod
1361 1721 1425 1770 nos
1449 1695 1569 1767 dicimus

510 1798 811 1866 excommunicare.
838 1819 961 1893 eosque
983 1794 1144 1868 sacrificiis
1156 1798 1225 1868 inte
1268 1798 1276 1811 '
1315 1795 1445 1867 bantet
1467 1796 1566 1866 civium

512 1896 707 1964 commercio
723 1891 895 1990 privabunt
911 1893 978 1990 (i).

552 2091 593 2172 (1)
613 2091 730 2172 Insigne
748 2097 806 2164 oct,
855 2089 914 2152 uod
936 2091 974 2152 de
997 2088 1118 2152 Druidis
1139 2089 1240 2153 Gallim
1261 2089 1463 2152 sacerdotibus
1485 2095 1567 2150 nrrrrt

511 2176 607 2234 Caeeor
630 2169 759 2234 debello
784 2109 892 2234 codic.
916 2167 966 2234 tit.
994 2173 1012 2232 6
1034 2191 1102 2254 cop.
1133 2175 1171 2234 tt
1195 2191 1265 2254 puy.
1292 2173 1351 2234 299
1379 2180 1409 2233 et
1437 2173 1494 2234 500
1508 2168 1564 2232 edit.

509 2253 652 2336 duodece.
675 2257 786 2315 Batou.
815 2255 907 2315 tttt.
927 2255 958 2316 Si
979 2254 1046 2333 quis
1068 2254 1180 2331 inquit,
1202 2255 1347 2333 privatus,
1375 2261 1428 2314 out
1452 2254 1565 2332 publicus

512 2353 613 2395 eorum
635 2335 753 2394 decreto
774 2353 833 2394 non
856 2335 989 2410 steterit,
1016 2333 1166 2396 sacrificiis
1189 2335 1383 2396 interdicunt.
1411 2339 1476 2398 flue
1497 2349 1565 2414 poor

511 2415 589 2494 opud
604 2433 653 2474 eos
667 2425 711 2474 est
726 2415 912 2496 granseimr3
937 2417 1046 2494 quibus
1060 2417 1099 2476 ite
1117 2425 1161 2478 ert
1184 2415 1393 2492 interdictum,
1417 2418 1438 2476 ii
1461 2432 1566 2477 numero

510 2497 670 2576 impiorum
690 2515 724 2556 rc
741 2496 948 2558 sceleratorum
972 2495 1137 2574 habentur,
1159 2497 1196 2560 iis
1216 2517 1319 2560 omnes
1341 2497 1499 2574 decedunt,
1512 2494 1565 2556 sdi-

511 2587 575 2638 tum
591 2595 715 2652 eorum,
738 2595 964 2656 sermonemque
984 2577 1157 2660 defugiunt,
1181 2597 1277 2658 neque
1298 2581 1334 2640 iis
1353 2580 1514 2659 petentibus
1526 2576 1565 2654 jus

508 2659 664 2737 redditur,
681 2677 777 2738 noque
789 2659 883 2721 honos
897 2661 974 2721 ullus
988 2662 1233 2722 communiuntur.
1249 2687 1262 2716 a

560 2838 590 2941 §.
640 2839 700 2911 ΙΙΙ.
746 2840 954 2939 Praeceptum
998 2858 1107 2913 cutem
1148 2840 1367 2913 interdicendi
1406 2842 1563 2914 criminosis

511 2962 645 3011 omnem
688 2942 956 3011 communionem
996 2956 1031 3011 et
1070 2940 1257 3011 societatem
1294 2954 1361 3009 tum
1400 2962 1562 3023 sacrorum,

511 3061 611 3134 quam
652 3035 796 3109 civilium
839 3062 970 3125 rerum,
1005 3060 1064 3109 nos
1100 3037 1142 3107 nb
1183 3039 1253 3133 ipso
1291 3034 1422 3110 Christo
1455 3036 1564 3131 accepi·

512 3134 678 3231 rnus(i),
711 3151 745 3205 et
776 3132 924 3207 ePculo
941 3134 1016 3231 (ἢ),
1043 3137 1101 3231 qui
1132 3159 1192 3206 nos
1219 3160 1295 3205 cum
1321 3134 1459 3207 scelestis
1486 3156 1564 3203 corn·
1635 3210 1636 3233 ᾖ

512 3233 605 3303 muni
637 3257 750 3303 mense
787 3235 837 3301 uti
873 3246 981 3322 vetet,
1015 3257 1053 3301 rc
1087 3231 1213 3303 nullam
1245 3228 1317 3301 vult
1350 3256 1420 3304 csse
1448 3230 1564 3301 societr·
1635 3238 1636 3286 t

511 3346 579 3399 tem
612 3354 689 3399 cum
717 3353 777 3415 co,
808 3330 866 3425 qui
897 3328 957 3398 Dei
985 3328 1123 3401 verbum
1153 3355 1221 3401 non
1255 3328 1368 3418 audit,
1398 3344 1437 3401 ut
1457 3323 1564 3425 pudore

512 3423 672 3494 afficietur
709 3440 808 3520 etque
850 3424 896 3493 ite
934 3423 975 3493 ed
1000 3424 1119 3497 bonnm
1151 3427 1279 3522 frugem
1316 3426 1439 3499 redeat.
1471 3423 1563 3508 Quem
1634 3454 1635 3457 ¹

512 3517 633 3591 deinde
666 3544 794 3591 morem
826 3520 958 3591 ecclesio
984 3539 1143 3619 perpetuo
1172 3525 1325 3611 retinuit,
1359 3540 1394 3595 et
1425 3537 1507 3594 certe
1529 3516 1562 3587 rb

513 3616 643 3687 ecclesia
691 3619 842 3687 exsecrati
887 3643 956 3690 non
1010 3620 1109 3693 modo
1164 3624 1260 3693 sacris
1307 3620 1489 3709 interdicti,
1517 3610 1563 3687 sed
1633 3708 1634 3713 ἵ

509 3716 607 3880 {tiam
646 3712 875 3908 adtfmnium
910 3716 1003 3789 editu
1041 3734 1075 3791 et
1107 3744 1257 3791 sermone
1293 3745 1422 3817 semper
1460 3710 1562 3788 exclusi

390 3846 396 3857 ·
527 3827 645 3881 uerunt
733 3865 742 3886 .

553 3982 596 4062 (1)
609 3983 715 4044 March.
731 3986 811 4045 VIII
822 4003 900 4046 cerr.
918 3988 984 4047 1-7.

553 4064 596 4146 (2)
620 4066 727 4126 Peuius
758 4067 777 4126 1
800 4064 842 4127 ad
870 4064 1003 4129 Corinth.
1043 4068 1078 4129 V.
1108 4087 1139 4129 tt.
1174 4076 1205 4131 et
1232 4068 1270 4129 11
1299 4064 1493 4131 Thmoiouic.
1523 4061 1564 4123 111

512 4159 543 4205 tt.
560 4148 610 4207 11.
633 4147 716 4209 ttutti
729 4153 798 4208 suut
820 4165 856 4208 ex
876 4147 1021 4210 hereticis
1042 4150 1172 4228 etnliqui
1188 4151 1282 4227 item,
1305 4152 1357 4229 qui
1376 4148 1563 4232 nchotioruu

512 4240 620 4288 nornen
633 4246 694 4307 prae
712 4248 744 4291 se
758 4230 879 4309 ierunt,
894 4229 946 4291 sed
962 4238 1060 4291 tumen
1077 4248 1144 4293 cum
1161 4231 1219 4293 ittis
1236 4249 1338 4295 revere
1358 4230 1504 4305 sentiunt,
1522 4238 1561 4301 qut
1631 4214 1632 4264 i
