<?xml version="1.0" encoding="UTF-8"?>
<!DOCTYPE html PUBLIC "-//W3C//DTD XHTML 1.0 Transitional//EN"
    "http://www.w3.org/TR/xhtml1/DTD/xhtml1-transitional.dtd">
<html xmlns="http://www.w3.org/1999/xhtml" xml:lang="en" lang="en">
 <head>
  <title>
</title>
<meta http-equiv="Content-Type" content="text/html;charset=utf-8" />
  <meta name='ocr-system' content='tesseract 3.04.00' />
  <meta name='ocr-capabilities' content='ocr_page ocr_carea ocr_par ocr_line ocrx_word'/>
</head>
<body>
  <div class='ocr_page' id='page_1' title='image "./institutionumca01devogoog_0146.png"; bbox 0 0 3575 5625; ppageno 0'>
   <div class='ocr_carea' id='block_1_1' title="bbox 598 1161 1138 1254">
    <p class='ocr_par' dir='ltr' id='par_1_1' title="bbox 598 1161 1138 1254">
     <span class='ocr_line' id='line_1_1' title="bbox 598 1161 1138 1254; baseline -0.002 0"><span class='ocrx_word' id='word_1_1' title='bbox 598 1161 919 1254; x_wconf 59' lang='lat' dir='ltr'><strong>&#39;dllffllffiss</strong></span> <span class='ocrx_word' id='word_1_2' title='bbox 948 1163 1138 1253; x_wconf 61' lang='lat' dir='ltr'><strong>xm·</strong></span> 
     </span>
    </p>
   </div>
   <div class='ocr_carea' id='block_1_2' title="bbox 750 1410 985 1478">
    <p class='ocr_par' dir='ltr' id='par_1_2' title="bbox 750 1410 985 1478">
     <span class='ocr_line' id='line_1_2' title="bbox 750 1410 985 1478; baseline -0.004 -2"><span class='ocrx_word' id='word_1_3' title='bbox 750 1412 786 1478; x_wconf 83' lang='lat' dir='ltr'><strong>lle</strong></span> <span class='ocrx_word' id='word_1_4' title='bbox 811 1410 985 1477; x_wconf 82' lang='lat' dir='ltr'><strong>llilatiotllu.</strong></span> 
     </span>
    </p>
   </div>
   <div class='ocr_carea' id='block_1_3' title="bbox 322 1785 1401 1979">
    <p class='ocr_par' dir='ltr' id='par_1_3' title="bbox 322 1785 1401 1979">
     <span class='ocr_line' id='line_1_3' title="bbox 322 1785 1401 1930; baseline 0.002 -28"><span class='ocrx_word' id='word_1_5' title='bbox 322 1787 660 1903; x_wconf 61' lang='lat' dir='ltr'><strong>iiliililitiiltiilltsuncuo.</strong></span> <span class='ocrx_word' id='word_1_6' title='bbox 903 1787 944 1838; x_wconf 43' lang='lat' dir='ltr'><strong>w·</strong></span> <span class='ocrx_word' id='word_1_7' title='bbox 963 1785 1259 1930; x_wconf 33' lang='lat' dir='ltr'><strong>missilis-lim</strong></span> <span class='ocrx_word' id='word_1_8' title='bbox 1281 1805 1338 1842; x_wconf 57' lang='lat' dir='ltr'><strong>um</strong></span> <span class='ocrx_word' id='word_1_9' title='bbox 1359 1791 1401 1842; x_wconf 43' lang='lat' dir='ltr'><strong>bl·</strong></span> 
     </span>
     <span class='ocr_line' id='line_1_4' title="bbox 323 1915 1248 1979; baseline 0.001 -12"><span class='ocrx_word' id='word_1_10' title='bbox 323 1918 369 1967; x_wconf 84' lang='grc' dir='ltr'><strong>ΙΙΙ.</strong></span> <span class='ocrx_word' id='word_1_11' title='bbox 381 1917 647 1979; x_wconf 76' lang='lat' dir='ltr'><strong>Quandosmdeuturl</strong></span> <span class='ocrx_word' id='word_1_12' title='bbox 902 1917 930 1967; x_wconf 76' lang='lat' dir='ltr'><strong>V.</strong></span> <span class='ocrx_word' id='word_1_13' title='bbox 940 1915 1071 1979; x_wconf 80' lang='lat' dir='ltr'><strong>Quomodo</strong></span> <span class='ocrx_word' id='word_1_14' title='bbox 1081 1916 1170 1970; x_wconf 71' lang='lat' dir='ltr'><strong>tande</strong></span> <span class='ocrx_word' id='word_1_15' title='bbox 1178 1922 1248 1970; x_wconf 85' lang='lat' dir='ltr'><strong>stutt</strong></span> 
     </span>
    </p>
   </div>
   <div class='ocr_carea' id='block_1_4' title="bbox 818 2079 905 2183">
    <p class='ocr_par' dir='ltr' id='par_1_4' title="bbox 818 2079 905 2183">
     <span class='ocr_line' id='line_1_5' title="bbox 818 2079 905 2183; baseline 0 -34"><span class='ocrx_word' id='word_1_16' title='bbox 818 2079 846 2183; x_wconf 64' lang='grc' dir='ltr'><strong>ς.</strong></span> <span class='ocrx_word' id='word_1_17' title='bbox 878 2079 905 2149; x_wconf 92' lang='lat'><strong>1.</strong></span> 
     </span>
    </p>
   </div>
   <div class='ocr_carea' id='block_1_5' title="bbox 316 2249 1400 2708">
    <p class='ocr_par' dir='ltr' id='par_1_5' title="bbox 316 2249 1400 2708">
     <span class='ocr_line' id='line_1_6' title="bbox 369 2249 1390 2348; baseline 0.004 -26"><span class='ocrx_word' id='word_1_18' title='bbox 369 2249 465 2322; x_wconf 80' lang='lat' dir='ltr'><strong>Num</strong></span> <span class='ocrx_word' id='word_1_19' title='bbox 497 2251 533 2320; x_wconf 91' lang='lat' dir='ltr'><strong>in</strong></span> <span class='ocrx_word' id='word_1_20' title='bbox 571 2249 641 2323; x_wconf 86' lang='lat' dir='ltr'><strong>loro</strong></span> <span class='ocrx_word' id='word_1_21' title='bbox 679 2267 713 2322; x_wconf 91' lang='lat' dir='ltr'><strong>et</strong></span> <span class='ocrx_word' id='word_1_22' title='bbox 739 2250 871 2348; x_wconf 86' lang='lat' dir='ltr'><strong>judiciis</strong></span> <span class='ocrx_word' id='word_1_23' title='bbox 902 2255 1052 2324; x_wconf 75' lang='lat' dir='ltr'><strong>usitatius</strong></span> <span class='ocrx_word' id='word_1_24' title='bbox 1084 2269 1134 2324; x_wconf 85' lang='lat' dir='ltr'><strong>est</strong></span> <span class='ocrx_word' id='word_1_25' title='bbox 1165 2251 1390 2326; x_wconf 84' lang='lat' dir='ltr'><strong>dilationibus.</strong></span> 
     </span>
     <span class='ocr_line' id='line_1_7' title="bbox 317 2347 1399 2517; baseline 0.005 -97"><span class='ocrx_word' id='word_1_26' title='bbox 317 2347 404 2420; x_wconf 90' lang='lat' dir='ltr'><strong>Nam</strong></span> <span class='ocrx_word' id='word_1_27' title='bbox 444 2373 496 2418; x_wconf 89' lang='lat' dir='ltr'><strong>eas</strong></span> <span class='ocrx_word' id='word_1_28' title='bbox 528 2371 613 2445; x_wconf 71' lang='lat' dir='ltr'><strong>saepe</strong></span> <span class='ocrx_word' id='word_1_29' title='bbox 653 2373 727 2420; x_wconf 87' lang='lat' dir='ltr'><strong>reus</strong></span> <span class='ocrx_word' id='word_1_30' title='bbox 767 2348 809 2419; x_wconf 88' lang='lat' dir='ltr'><strong>ad</strong></span> <span class='ocrx_word' id='word_1_31' title='bbox 842 2349 1002 2446; x_wconf 82' lang='lat' dir='ltr'><strong>parandas</strong></span> <span class='ocrx_word' id='word_1_32' title='bbox 1037 2353 1265 2517; x_wconf 52' lang='lat' dir='ltr'><strong>exoegtionem</strong></span> <span class='ocrx_word' id='word_1_33' title='bbox 1308 2377 1399 2449; x_wconf 81' lang='lat' dir='ltr'><strong>soepe</strong></span> 
     </span>
     <span class='ocr_line' id='line_1_8' title="bbox 316 2445 1400 2546; baseline 0.004 -31"><span class='ocrx_word' id='word_1_34' title='bbox 316 2448 416 2515; x_wconf 85' lang='lat' dir='ltr'><strong>etiam</strong></span> <span class='ocrx_word' id='word_1_35' title='bbox 458 2462 548 2517; x_wconf 84' lang='lat' dir='ltr'><strong>actor</strong></span> <span class='ocrx_word' id='word_1_36' title='bbox 590 2446 630 2516; x_wconf 82' lang='lat' dir='ltr'><strong>ud</strong></span> <span class='ocrx_word' id='word_1_37' title='bbox 670 2445 879 2542; x_wconf 81' lang='lat' dir='ltr'>probationes</span> <span class='ocrx_word' id='word_1_38' title='bbox 928 2445 1112 2519; x_wconf 84' lang='lat' dir='ltr'><strong>oonfirman</strong></span> <span class='ocrx_word' id='word_1_39' title='bbox 1136 2475 1170 2518; x_wconf 89' lang='lat' dir='ltr'><strong>as</strong></span> <span class='ocrx_word' id='word_1_40' title='bbox 1218 2475 1236 2518; x_wconf 84' lang='lat' dir='ltr'><strong>a</strong></span> <span class='ocrx_word' id='word_1_41' title='bbox 1284 2449 1400 2546; x_wconf 84' lang='lat' dir='ltr'><strong>judice</strong></span> 
     </span>
     <span class='ocr_line' id='line_1_9' title="bbox 316 2541 1398 2708; baseline 0.006 -97"><span class='ocrx_word' id='word_1_42' title='bbox 316 2545 424 2708; x_wconf 46' lang='lat' dir='ltr'><strong>{setin</strong></span> <span class='ocrx_word' id='word_1_43' title='bbox 450 2541 550 2640; x_wconf 90' lang='lat' dir='ltr'><strong>idque</strong></span> <span class='ocrx_word' id='word_1_44' title='bbox 581 2569 648 2615; x_wconf 92' lang='lat' dir='ltr'><strong>non</strong></span> <span class='ocrx_word' id='word_1_45' title='bbox 673 2545 766 2614; x_wconf 90' lang='lat' dir='ltr'><strong>initio</strong></span> <span class='ocrx_word' id='word_1_46' title='bbox 792 2543 924 2634; x_wconf 79' lang='lat' dir='ltr'><strong>solum,</strong></span> <span class='ocrx_word' id='word_1_47' title='bbox 950 2543 1008 2616; x_wconf 89' lang='lat' dir='ltr'><strong>sed</strong></span> <span class='ocrx_word' id='word_1_48' title='bbox 1034 2547 1133 2616; x_wconf 88' lang='lat' dir='ltr'><strong>etiam</strong></span> <span class='ocrx_word' id='word_1_49' title='bbox 1164 2549 1202 2616; x_wconf 92' lang='lat' dir='ltr'><strong>in</strong></span> <span class='ocrx_word' id='word_1_50' title='bbox 1223 2571 1398 2644; x_wconf 75' lang='lat' dir='ltr'><strong>progtsssu</strong></span> 
     </span>
    </p>
   </div>
   <div class='ocr_carea' id='block_1_6' title="bbox 316 2640 1399 2905">
    <p class='ocr_par' dir='ltr' id='par_1_6' title="bbox 316 2640 1399 2905">
     <span class='ocr_line' id='line_1_10' title="bbox 331 2640 1399 2740; baseline 0.007 -33"><span class='ocrx_word' id='word_1_51' title='bbox 331 2642 396 2711; x_wconf 83' lang='lat' dir='ltr'><strong>uis.</strong></span> <span class='ocrx_word' id='word_1_52' title='bbox 445 2640 640 2712; x_wconf 85' lang='lat' dir='ltr'><strong>Dilationem</strong></span> <span class='ocrx_word' id='word_1_53' title='bbox 692 2665 842 2712; x_wconf 82' lang='lat' dir='ltr'><strong>vocamus</strong></span> <span class='ocrx_word' id='word_1_54' title='bbox 881 2644 1009 2740; x_wconf 87' lang='lat' dir='ltr'><strong>justum</strong></span> <span class='ocrx_word' id='word_1_55' title='bbox 1060 2641 1195 2740; x_wconf 78' lang='lat' dir='ltr'><strong>aliquod</strong></span> <span class='ocrx_word' id='word_1_56' title='bbox 1240 2648 1399 2738; x_wconf 79' lang='lat' dir='ltr'><strong>temporis</strong></span> 
     </span>
     <span class='ocr_line' id='line_1_11' title="bbox 316 2735 1397 2905; baseline 0.007 -101"><span class='ocrx_word' id='word_1_57' title='bbox 316 2736 545 2827; x_wconf 75' lang='lat' dir='ltr'><strong>intervallum,</strong></span> <span class='ocrx_word' id='word_1_58' title='bbox 590 2735 681 2905; x_wconf 51' lang='grc' dir='ltr'><strong>Ἱιιοά</strong></span> <span class='ocrx_word' id='word_1_59' title='bbox 721 2737 924 2833; x_wconf 78' lang='lat' dir='ltr'><strong>litigantibus</strong></span> <span class='ocrx_word' id='word_1_60' title='bbox 966 2737 1158 2810; x_wconf 70' lang='lat' dir='ltr'><strong>conceditur</strong></span> <span class='ocrx_word' id='word_1_61' title='bbox 1198 2737 1240 2810; x_wconf 88' lang='lat' dir='ltr'><strong>ad</strong></span> <span class='ocrx_word' id='word_1_62' title='bbox 1286 2755 1397 2813; x_wconf 84' lang='lat' dir='ltr'><strong>actum</strong></span> 
     </span>
    </p>
   </div>
   <div class='ocr_carea' id='block_1_7' title="bbox 316 2835 1269 2935">
    <p class='ocr_par' dir='ltr' id='par_1_7' title="bbox 316 2835 1269 2935">
     <span class='ocr_line' id='line_1_12' title="bbox 316 2835 1269 2935; baseline 0.004 -30"><span class='ocrx_word' id='word_1_63' title='bbox 316 2835 460 2932; x_wconf 86' lang='lat' dir='ltr'><strong>aliquem</strong></span> <span class='ocrx_word' id='word_1_64' title='bbox 483 2835 605 2933; x_wconf 82' lang='lat' dir='ltr'><strong>judicia</strong></span> <span class='ocrx_word' id='word_1_65' title='bbox 619 2862 673 2907; x_wconf 91' lang='lat' dir='ltr'><strong>em</strong></span> <span class='ocrx_word' id='word_1_66' title='bbox 701 2836 905 2909; x_wconf 82' lang='lat' dir='ltr'><strong>commodius</strong></span> <span class='ocrx_word' id='word_1_67' title='bbox 935 2836 1216 2935; x_wconf 79' lang='lat' dir='ltr'><strong>expediendum(</strong></span> <span class='ocrx_word' id='word_1_68' title='bbox 1240 2836 1269 2935; x_wconf 94' lang='lat'>)</span> 
     </span>
    </p>
   </div>
   <div class='ocr_carea' id='block_1_8' title="bbox 314 3006 1396 3253">
    <p class='ocr_par' dir='ltr' id='par_1_8' title="bbox 314 3006 1396 3253">
     <span class='ocr_line' id='line_1_13' title="bbox 357 3006 1396 3089; baseline 0.005 -20"><span class='ocrx_word' id='word_1_69' title='bbox 357 3006 399 3087; x_wconf 82' lang='lat' dir='ltr'><strong>(l)</strong></span> <span class='ocrx_word' id='word_1_70' title='bbox 421 3008 574 3085; x_wconf 70' lang='lat' dir='ltr'><strong>lusuros,</strong></span> <span class='ocrx_word' id='word_1_71' title='bbox 594 3006 646 3085; x_wconf 88' lang='lat' dir='ltr'><strong>qui</strong></span> <span class='ocrx_word' id='word_1_72' title='bbox 668 3006 706 3069; x_wconf 89' lang='lat' dir='ltr'><strong>de</strong></span> <span class='ocrx_word' id='word_1_73' title='bbox 722 3006 913 3070; x_wconf 88' lang='lat' dir='ltr'><strong>dilationibus</strong></span> <span class='ocrx_word' id='word_1_74' title='bbox 936 3009 1099 3070; x_wconf 83' lang='lat' dir='ltr'><strong>ssetindum</strong></span> <span class='ocrx_word' id='word_1_75' title='bbox 1116 3008 1166 3089; x_wconf 83' lang='lat' dir='ltr'><strong>jus</strong></span> <span class='ocrx_word' id='word_1_76' title='bbox 1186 3009 1343 3087; x_wconf 85' lang='lat' dir='ltr'><strong>antiquum</strong></span> <span class='ocrx_word' id='word_1_77' title='bbox 1364 3020 1396 3073; x_wconf 85' lang='lat' dir='ltr'><strong>et</strong></span> 
     </span>
     <span class='ocr_line' id='line_1_14' title="bbox 314 3086 1396 3171; baseline 0.004 -19"><span class='ocrx_word' id='word_1_78' title='bbox 314 3106 427 3152; x_wconf 88' lang='lat' dir='ltr'><strong>novum</strong></span> <span class='ocrx_word' id='word_1_79' title='bbox 454 3098 560 3170; x_wconf 78' lang='lat' dir='ltr'><strong>agunt,</strong></span> <span class='ocrx_word' id='word_1_80' title='bbox 587 3096 723 3150; x_wconf 76' lang='lat' dir='ltr'><strong>numerat</strong></span> <span class='ocrx_word' id='word_1_81' title='bbox 751 3090 911 3170; x_wconf 77' lang='lat' dir='ltr'><strong>Hilligerus</strong></span> <span class='ocrx_word' id='word_1_82' title='bbox 934 3086 976 3149; x_wconf 89' lang='lat' dir='ltr'><strong>ud</strong></span> <span class='ocrx_word' id='word_1_83' title='bbox 991 3086 1155 3151; x_wconf 78' lang='lat' dir='ltr'><strong>Donollum</strong></span> <span class='ocrx_word' id='word_1_84' title='bbox 1174 3086 1211 3149; x_wconf 81' lang='lat' dir='ltr'><strong>de</strong></span> <span class='ocrx_word' id='word_1_85' title='bbox 1226 3086 1295 3171; x_wconf 68' lang='lat' dir='ltr'><strong>jur.</strong></span> <span class='ocrx_word' id='word_1_86' title='bbox 1315 3090 1396 3156; x_wconf 69' lang='lat' dir='ltr'><strong>civit.</strong></span> 
     </span>
     <span class='ocr_line' id='line_1_15' title="bbox 316 3168 1231 3253; baseline -0.003 -20"><span class='ocrx_word' id='word_1_87' title='bbox 316 3169 368 3233; x_wconf 70' lang='lat' dir='ltr'><strong>ld).</strong></span> <span class='ocrx_word' id='word_1_88' title='bbox 381 3173 422 3233; x_wconf 75' lang='lat'><strong>24</strong></span> <span class='ocrx_word' id='word_1_89' title='bbox 434 3189 501 3253; x_wconf 80' lang='lat' dir='ltr'><strong>cup.</strong></span> <span class='ocrx_word' id='word_1_90' title='bbox 517 3174 608 3234; x_wconf 74' lang='lat' dir='ltr'><strong>duat.</strong></span> <span class='ocrx_word' id='word_1_91' title='bbox 622 3186 692 3253; x_wconf 82' lang='lat' dir='ltr'><strong>opp.</strong></span> <span class='ocrx_word' id='word_1_92' title='bbox 706 3179 777 3233; x_wconf 85' lang='lat' dir='ltr'><strong>tom.</strong></span> <span class='ocrx_word' id='word_1_93' title='bbox 794 3168 879 3233; x_wconf 72' lang='lat' dir='ltr'><strong>deul.</strong></span> <span class='ocrx_word' id='word_1_94' title='bbox 897 3170 958 3231; x_wconf 68' lang='lat'><strong>245</strong></span> <span class='ocrx_word' id='word_1_95' title='bbox 971 3168 1019 3231; x_wconf 76' lang='lat' dir='ltr'><strong>od.</strong></span> <span class='ocrx_word' id='word_1_96' title='bbox 1035 3171 1125 3232; x_wconf 74' lang='lat' dir='ltr'><strong>tuoe</strong></span> <span class='ocrx_word' id='word_1_97' title='bbox 1139 3168 1231 3231; x_wconf 70' lang='grc'><strong>1764.</strong></span> 
     </span>
    </p>
   </div>
   <div class='ocr_carea' id='block_1_9' title="bbox 313 3322 1396 4372">
    <p class='ocr_par' dir='ltr' id='par_1_9' title="bbox 313 3322 1396 4364">
     <span class='ocr_line' id='line_1_16' title="bbox 366 3322 1394 3425; baseline 0.005 -29"><span class='ocrx_word' id='word_1_98' title='bbox 366 3324 397 3425; x_wconf 63' lang='grc' dir='ltr'><strong>ς.</strong></span> <span class='ocrx_word' id='word_1_99' title='bbox 425 3324 468 3397; x_wconf 92' lang='lat' dir='ltr'><strong>ll.</strong></span> <span class='ocrx_word' id='word_1_100' title='bbox 505 3326 681 3397; x_wconf 77' lang='lat' dir='ltr'><strong>Dilutionua</strong></span> <span class='ocrx_word' id='word_1_101' title='bbox 713 3325 764 3397; x_wconf 84' lang='lat' dir='ltr'><strong>vel</strong></span> <span class='ocrx_word' id='word_1_102' title='bbox 791 3352 808 3397; x_wconf 87' lang='lat' dir='ltr'><strong>u</strong></span> <span class='ocrx_word' id='word_1_103' title='bbox 840 3325 913 3421; x_wconf 78' lang='lat' dir='ltr'><strong>lege</strong></span> <span class='ocrx_word' id='word_1_104' title='bbox 945 3324 1067 3395; x_wconf 84' lang='lat' dir='ltr'><strong>dantur</strong></span> <span class='ocrx_word' id='word_1_105' title='bbox 1092 3322 1171 3421; x_wconf 87' lang='lat' dir='ltr'><strong>(l),</strong></span> <span class='ocrx_word' id='word_1_106' title='bbox 1204 3322 1255 3395; x_wconf 79' lang='lat' dir='ltr'><strong>vel</strong></span> <span class='ocrx_word' id='word_1_107' title='bbox 1280 3342 1394 3401; x_wconf 89' lang='lat' dir='ltr'><strong>mutua</strong></span> 
     </span>
     <span class='ocr_line' id='line_1_17' title="bbox 314 3420 1395 3521; baseline 0.002 -26"><span class='ocrx_word' id='word_1_108' title='bbox 314 3422 514 3518; x_wconf 82' lang='lat' dir='ltr'><strong>litigantium</strong></span> <span class='ocrx_word' id='word_1_109' title='bbox 547 3423 714 3496; x_wconf 82' lang='lat' dir='ltr'><strong>voluntate</strong></span> <span class='ocrx_word' id='word_1_110' title='bbox 748 3425 1013 3512; x_wconf 76' lang='lat' dir='ltr'><strong>constituuntur,</strong></span> <span class='ocrx_word' id='word_1_111' title='bbox 1038 3420 1091 3493; x_wconf 78' lang='lat' dir='ltr'><strong>vel</strong></span> <span class='ocrx_word' id='word_1_112' title='bbox 1127 3446 1146 3493; x_wconf 88' lang='lat' dir='ltr'><strong>a</strong></span> <span class='ocrx_word' id='word_1_113' title='bbox 1173 3421 1287 3521; x_wconf 89' lang='lat' dir='ltr'><strong>judioe</strong></span> <span class='ocrx_word' id='word_1_114' title='bbox 1311 3450 1395 3497; x_wconf 86' lang='lat' dir='ltr'><strong>con·</strong></span> 
     </span>
     <span class='ocr_line' id='line_1_18' title="bbox 314 3519 1396 3595; baseline 0 0"><span class='ocrx_word' id='word_1_115' title='bbox 314 3523 493 3595; x_wconf 70' lang='lat' dir='ltr'><strong>deduntur.</strong></span> <span class='ocrx_word' id='word_1_116' title='bbox 533 3520 598 3593; x_wconf 86' lang='lat' dir='ltr'><strong>Sed</strong></span> <span class='ocrx_word' id='word_1_117' title='bbox 640 3520 699 3592; x_wconf 90' lang='lat' dir='ltr'><strong>Jus</strong></span> <span class='ocrx_word' id='word_1_118' title='bbox 735 3522 928 3591; x_wconf 86' lang='lat' dir='ltr'><strong>canonicum</strong></span> <span class='ocrx_word' id='word_1_119' title='bbox 973 3519 1223 3593; x_wconf 82' lang='lat' dir='ltr'><strong>tribuendarum</strong></span> <span class='ocrx_word' id='word_1_120' title='bbox 1262 3520 1396 3595; x_wconf 86' lang='lat' dir='ltr'><strong>dilatio·</strong></span> 
     </span>
     <span class='ocr_line' id='line_1_19' title="bbox 314 3616 1394 3717; baseline 0 -26"><span class='ocrx_word' id='word_1_121' title='bbox 314 3646 399 3692; x_wconf 91' lang='lat' dir='ltr'><strong>num</strong></span> <span class='ocrx_word' id='word_1_122' title='bbox 428 3643 528 3691; x_wconf 89' lang='lat' dir='ltr'><strong>omne</strong></span> <span class='ocrx_word' id='word_1_123' title='bbox 554 3618 623 3690; x_wconf 87' lang='lat' dir='ltr'><strong>lere</strong></span> <span class='ocrx_word' id='word_1_124' title='bbox 648 3617 819 3688; x_wconf 85' lang='lat' dir='ltr'><strong>arbitrium</strong></span> <span class='ocrx_word' id='word_1_125' title='bbox 853 3618 958 3717; x_wconf 84' lang='lat' dir='ltr'><strong>judici</strong></span> <span class='ocrx_word' id='word_1_126' title='bbox 993 3620 1155 3690; x_wconf 80' lang='lat' dir='ltr'><strong>commisit</strong></span> <span class='ocrx_word' id='word_1_127' title='bbox 1185 3616 1256 3715; x_wconf 72' lang='lat'><strong>(2).</strong></span> <span class='ocrx_word' id='word_1_128' title='bbox 1291 3619 1394 3705; x_wconf 82' lang='lat' dir='ltr'><strong>Quod</strong></span> 
     </span>
     <span class='ocr_line' id='line_1_20' title="bbox 314 3713 1392 3882; baseline -0.002 -93"><span class='ocrx_word' id='word_1_129' title='bbox 314 3718 454 3791; x_wconf 88' lang='lat' dir='ltr'><strong>nonita</strong></span> <span class='ocrx_word' id='word_1_130' title='bbox 490 3714 742 3807; x_wconf 80' lang='lat' dir='ltr'><strong>intelligendum</strong></span> <span class='ocrx_word' id='word_1_131' title='bbox 767 3730 839 3805; x_wconf 78' lang='lat' dir='ltr'><strong>est,</strong></span> <span class='ocrx_word' id='word_1_132' title='bbox 875 3716 966 3882; x_wconf 46' lang='lat' dir='ltr'><strong>{nasi</strong></span> <span class='ocrx_word' id='word_1_133' title='bbox 995 3713 1102 3814; x_wconf 86' lang='lat' dir='ltr'><strong>judici</strong></span> <span class='ocrx_word' id='word_1_134' title='bbox 1131 3716 1299 3810; x_wconf 74' lang='lat' dir='ltr'><strong>integrum</strong></span> <span class='ocrx_word' id='word_1_135' title='bbox 1324 3719 1392 3807; x_wconf 82' lang='lat' dir='ltr'><strong>sit,</strong></span> 
     </span>
     <span class='ocr_line' id='line_1_21' title="bbox 314 3810 1394 3913; baseline -0.002 -26"><span class='ocrx_word' id='word_1_136' title='bbox 314 3840 396 3913; x_wconf 86' lang='lat' dir='ltr'><strong>quas</strong></span> <span class='ocrx_word' id='word_1_137' title='bbox 429 3812 528 3903; x_wconf 81' lang='lat' dir='ltr'><strong>velit,</strong></span> <span class='ocrx_word' id='word_1_138' title='bbox 572 3811 742 3885; x_wconf 79' lang='lat' dir='ltr'><strong>dilationes</strong></span> <span class='ocrx_word' id='word_1_139' title='bbox 778 3836 877 3885; x_wconf 83' lang='lat' dir='ltr'><strong>conoe</strong></span> <span class='ocrx_word' id='word_1_140' title='bbox 902 3838 957 3884; x_wconf 87' lang='lat' dir='ltr'><strong>ere</strong></span> <span class='ocrx_word' id='word_1_141' title='bbox 995 3838 1055 3885; x_wconf 88' lang='lat' dir='ltr'><strong>suo</strong></span> <span class='ocrx_word' id='word_1_142' title='bbox 1093 3810 1264 3884; x_wconf 83' lang='lat' dir='ltr'><strong>arbitratu.</strong></span> <span class='ocrx_word' id='word_1_143' title='bbox 1307 3812 1394 3887; x_wconf 86' lang='lat' dir='ltr'><strong>Nam</strong></span> 
     </span>
     <span class='ocr_line' id='line_1_22' title="bbox 314 3909 1393 4008; baseline -0.004 -23"><span class='ocrx_word' id='word_1_144' title='bbox 314 3929 354 3986; x_wconf 85' lang='lat' dir='ltr'><strong>ut</strong></span> <span class='ocrx_word' id='word_1_145' title='bbox 385 3910 556 3983; x_wconf 85' lang='lat' dir='ltr'><strong>dilationes</strong></span> <span class='ocrx_word' id='word_1_146' title='bbox 589 3909 829 3999; x_wconf 80' lang='lat' dir='ltr'><strong>eoncedautur‚</strong></span> <span class='ocrx_word' id='word_1_147' title='bbox 850 3910 940 4008; x_wconf 90' lang='lat' dir='ltr'><strong>justa</strong></span> <span class='ocrx_word' id='word_1_148' title='bbox 980 3936 1073 3982; x_wconf 83' lang='lat' dir='ltr'><strong>eausa</strong></span> <span class='ocrx_word' id='word_1_149' title='bbox 1104 3935 1188 4008; x_wconf 84' lang='lat' dir='ltr'><strong>opus</strong></span> <span class='ocrx_word' id='word_1_150' title='bbox 1219 3925 1291 3997; x_wconf 80' lang='lat' dir='ltr'><strong>est,</strong></span> <span class='ocrx_word' id='word_1_151' title='bbox 1335 3934 1393 3981; x_wconf 86' lang='lat' dir='ltr'><strong>ea·</strong></span> 
     </span>
     <span class='ocr_line' id='line_1_23' title="bbox 315 4005 1393 4107; baseline -0.002 -26"><span class='ocrx_word' id='word_1_152' title='bbox 315 4036 382 4107; x_wconf 89' lang='lat' dir='ltr'><strong>que</strong></span> <span class='ocrx_word' id='word_1_153' title='bbox 410 4011 472 4080; x_wconf 89' lang='lat' dir='ltr'><strong>rite</strong></span> <span class='ocrx_word' id='word_1_154' title='bbox 505 4007 747 4099; x_wconf 78' lang='lat' dir='ltr'><strong>demonstrata,</strong></span> <span class='ocrx_word' id='word_1_155' title='bbox 780 4005 933 4103; x_wconf 78' lang='lat' dir='ltr'><strong>denegari</strong></span> <span class='ocrx_word' id='word_1_156' title='bbox 964 4032 1033 4080; x_wconf 93' lang='lat' dir='ltr'><strong>non</strong></span> <span class='ocrx_word' id='word_1_157' title='bbox 1068 4021 1218 4105; x_wconf 86' lang='lat' dir='ltr'><strong>possunt.</strong></span> <span class='ocrx_word' id='word_1_158' title='bbox 1254 4006 1340 4075; x_wconf 88' lang='lat' dir='ltr'><strong>lline</strong></span> <span class='ocrx_word' id='word_1_159' title='bbox 1366 4012 1393 4079; x_wconf 89' lang='lat' dir='ltr'><strong>si</strong></span> 
     </span>
     <span class='ocr_line' id='line_1_24' title="bbox 313 4103 1391 4201; baseline -0.002 -23"><span class='ocrx_word' id='word_1_160' title='bbox 313 4110 412 4179; x_wconf 88' lang='lat' dir='ltr'><strong>nimis</strong></span> <span class='ocrx_word' id='word_1_161' title='bbox 429 4106 539 4177; x_wconf 77' lang='lat' dir='ltr'><strong>breves</strong></span> <span class='ocrx_word' id='word_1_162' title='bbox 563 4105 648 4179; x_wconf 70' lang='lat' dir='ltr'><strong>daoe</strong></span> <span class='ocrx_word' id='word_1_163' title='bbox 668 4105 941 4193; x_wconf 69' lang='lat' dir='ltr'><strong>simulationes,</strong></span> <span class='ocrx_word' id='word_1_164' title='bbox 962 4128 1037 4201; x_wconf 83' lang='lat' dir='ltr'><strong>qum</strong></span> <span class='ocrx_word' id='word_1_165' title='bbox 1060 4128 1155 4199; x_wconf 85' lang='lat' dir='ltr'><strong>pares</strong></span> <span class='ocrx_word' id='word_1_166' title='bbox 1178 4126 1246 4173; x_wconf 87' lang='lat' dir='ltr'><strong>non</strong></span> <span class='ocrx_word' id='word_1_167' title='bbox 1262 4103 1326 4171; x_wconf 89' lang='lat' dir='ltr'><strong>sint</strong></span> <span class='ocrx_word' id='word_1_168' title='bbox 1344 4107 1391 4175; x_wconf 80' lang='lat' dir='ltr'><strong>rei</strong></span> 
     </span>
     <span class='ocr_line' id='line_1_25' title="bbox 315 4197 1388 4364; baseline -0.004 -89"><span class='ocrx_word' id='word_1_169' title='bbox 315 4206 498 4300; x_wconf 80' lang='lat' dir='ltr'><strong>praesertim</strong></span> <span class='ocrx_word' id='word_1_170' title='bbox 511 4206 599 4299; x_wconf 78' lang='lat' dir='ltr'><strong>gravi</strong></span> <span class='ocrx_word' id='word_1_171' title='bbox 615 4221 648 4275; x_wconf 91' lang='lat' dir='ltr'><strong>et</strong></span> <span class='ocrx_word' id='word_1_172' title='bbox 664 4204 853 4301; x_wconf 64' lang='lat' dir='ltr'><strong>implicatae,</strong></span> <span class='ocrx_word' id='word_1_173' title='bbox 861 4204 951 4300; x_wconf 87' lang='lat' dir='ltr'><strong>justa</strong></span> <span class='ocrx_word' id='word_1_174' title='bbox 959 4218 1008 4273; x_wconf 88' lang='lat' dir='ltr'><strong>est</strong></span> <span class='ocrx_word' id='word_1_175' title='bbox 1017 4197 1204 4298; x_wconf 84' lang='lat' dir='ltr'><strong>appellandi</strong></span> <span class='ocrx_word' id='word_1_176' title='bbox 1220 4198 1388 4364; x_wconf 54' lang='grc' dir='ltr'><strong>ωξεεβ).</strong></span> 
     </span>
    </p>

    <p class='ocr_par' dir='ltr' id='par_1_10' title="bbox 417 4324 1291 4372">
     <span class='ocr_line' id='line_1_26' title="bbox 417 4324 1291 4372; baseline -0.006 -1"><span class='ocrx_word' id='word_1_177' title='bbox 417 4324 495 4372; x_wconf 80' lang='grc' dir='ltr'>τοι.</span> <span class='ocrx_word' id='word_1_178' title='bbox 525 4324 560 4371; x_wconf 88' lang='grc' dir='ltr'><strong>ιι.</strong></span> <span class='ocrx_word' id='word_1_179' title='bbox 1283 4349 1291 4366; x_wconf 94' lang='grc'><strong>.</strong></span> 
     </span>
    </p>
   </div>
   <div class='ocr_carea' id='block_1_10' title="bbox 0 0 1792 5625">
    <p class='ocr_par' dir='ltr' id='par_1_11' title="bbox 0 0 1792 5625">
     <span class='ocr_line' id='line_1_27' title="bbox 0 0 1792 5625; baseline 0 4"><span class='ocrx_word' id='word_1_180' title='bbox 0 0 1792 5625; x_wconf 95' lang='lat' dir='ltr'><strong> </strong></span> 
     </span>
    </p>
   </div>
  </div>
 </body>
</html>
