3575 5625
930 646 1151 720 -rtu-

498 800 637 872 horest
666 813 752 868 certa
782 794 878 964 ispe,
917 797 968 868 rel
1003 821 1127 868 canone
1158 795 1469 892 comprehenditur,
1505 825 1559 870 ue·

525 923 565 968 ue
593 921 611 964 a
635 895 756 993 judicis
783 921 819 965 ar
842 897 918 967 itrio
948 893 1091 990 pendet,
1126 919 1232 990 eaque
1256 893 1377 990 duplex
1415 912 1481 984 ort,
1506 921 1559 993 pro

498 925 621 1066 diversa
656 996 799 1084 ratione,
834 1019 900 1090 qua
932 993 1146 1159 proponitur,
1181 991 1241 1061 alia
1262 997 1368 1089 juris
1402 1005 1558 1078 tontum,

498 1093 559 1163 alia
583 1095 688 1190 jarria
720 1105 755 1162 et
785 1091 828 1164 de
848 1095 950 1185 piare.
1023 1091 1211 1186 raesumptio
1226 1095 1332 1186 juris
1362 1105 1396 1160 et
1420 1091 1462 1162 dc
1481 1098 1561 1187 jura

498 1206 565 1278 est,
597 1213 696 1285 quarn
726 1211 794 1259 non
822 1186 923 1259 modo
945 1187 1001 1285 jus
1032 1185 1170 1282 probat,
1208 1186 1267 1256 sed
1303 1189 1402 1259 etiam
1429 1189 1473 1258 ita
1498 1212 1560 1258 cer-

497 1302 566 1357 tam
604 1301 703 1384 atque
742 1283 943 1382 exploratam
972 1282 1095 1372 babet,
1129 1300 1168 1353 ut
1206 1309 1341 1354 omnem
1377 1287 1560 1358 contrariam
1653 1364 1654 1369 ἵ

496 1383 727 1481 probationem
763 1379 926 1455 excludat.
974 1381 1025 1451 lta
1061 1381 1140 1477 jure
1185 1379 1395 1452 decretalium
1434 1385 1460 1452 si
1497 1383 1561 1477 quis
1653 1390 1654 1395 ’

498 1480 676 1553 concubuit
721 1507 798 1552 cum
840 1478 996 1567 muliere,
1045 1503 1121 1548 cum
1175 1503 1240 1576 qua
1280 1481 1372 1575 prius
1415 1477 1559 1576 sponsalia

497 1594 720 1668 contraxerat,
761 1576 930 1647 inducitur
972 1576 1174 1646 matrimonii
1229 1578 1469 1673 praesumptio,
1497 1600 1561 1673 quae

498 1675 682 1746 labefactari
711 1689 931 1771 conpotem,
955 1689 990 1744 et
1018 1675 1077 1769 qui
1113 1700 1151 1745 ea
1184 1676 1365 1770 premitur,
1383 1675 1478 1744 aliam
1489 1699 1560 1744 uro·

499 1799 569 1844 rem
597 1776 741 1869 accipere
772 1770 966 1868 prohibetur
993 1769 1061 1867 (5)

501 1933 593 2076 dila
605 1933 676 2014 ch.
698 1933 735 2074 ig
753 1929 817 1994 cod.
833 1929 870 1992 de
885 1927 1024 2013 probot.,·
1042 1947 1108 2012 cop.
1133 1925 1191 1992 uit.
1212 1925 1248 1991 de
1261 1939 1460 2013 praesumpt3
1474 1929 1561 2012 copi

522 2034 537 2074 e
594 2022 649 2074 rot.
663 2013 697 2073 in
734 2055 741 2072 .

541 2095 583 2174 (ι)
605 2095 666 2155 Hoc
681 2093 711 2152 in
729 2091 833 2171 primis
850 2091 940 2153 habet
961 2093 1166 2172 praesumptio,
1187 2100 1220 2152 ιιι
1237 2092 1276 2154 ad
1290 2091 1446 2154 veritatem
1467 2093 1563 2152 refera-

500 2185 566 2251 tur‚
593 2192 689 2252 neque
717 2173 754 2234 de
772 2173 850 2234 falsis
875 2184 1084 2254 argumentum
1099 2174 1237 2252 accipiat;
1261 2175 1292 2234 in
1318 2192 1412 2251 eoque
1436 2171 1564 2234 differta

500 2256 635 2331 fictione,
659 2275 725 2334 quaa
747 2255 782 2316 fit
805 2253 843 2316 de
870 2273 922 2331 eo,
947 2256 1028 2333 quod
1053 2275 1113 2316 non
1133 2264 1195 2330 cst,
1220 2273 1275 2316 nec
1294 2255 1368 2332 tuit,
1388 2255 1480 2315 veluti
1498 2252 1564 2314 fictio

501 2339 575 2418 legis
588 2337 742 2412 Corneliae,
757 2355 824 2415 qum
832 2337 1013 2416 postliminio
1023 2355 1172 2409 reversos,
1184 2336 1216 2397 in
1230 2337 1347 2397 civitate
1360 2353 1477 2415 semper
1489 2335 1567 2397 saise

502 2418 604 2500 fingit,
629 2437 687 2479 non
715 2413 814 2478 aute'm
838 2418 1003 2497 praesumit.
1019 2421 1083 2480 line
1107 2417 1319 2498 etiamapcrtat
1336 2417 1505 2479 Publiciana
1525 2433 1567 2476 ao-

502 2501 544 2560 tio
563 2507 593 2561 et
610 2498 677 2560 ticta
696 2499 831 2576 traditio,
851 2499 934 2579 cujus
948 2501 980 2561 iu
994 2500 1063 2579 jure
1076 2499 1154 2561 cirili
1172 2499 1311 2577 frequens
1324 2517 1395 2559 usus
1413 2507 1468 2560 ast.
1488 2503 1527 2560 lta
1545 2496 1567 2556 si

502 2582 569 2660 quis
581 2581 637 2641 sibi
652 2581 695 2642 rei
711 2580 825 2642 donatae
839 2586 870 2641 ct
890 2600 950 2643 non
968 2579 1086 2641 traditas
1111 2581 1327 2642 usumfructum
1342 2580 1485 2656 retineat,
1500 2588 1530 2639 ut
1541 2577 1567 2636 in

503 2663 540 2724 L.
562 2663 602 2722 28
617 2669 646 2722 ct
660 2665 699 2724 55
720 2659 747 2743 §-
764 2660 823 2724 Sed
838 2661 999 2757 siquidem
1017 2659 1084 2723 cod.
1104 2659 1140 2722 de
1158 2659 1280 2738 donat,
1300 2661 1346 2721 rel
1368 2661 1524 2737 conducat,
1540 2666 1568 2717 ut

504 2745 536 2804 in
557 2743 594 2802 t.
618 2745 654 2805 76
673 2742 708 2827 ff.
730 2741 766 2804 de
791 2743 836 2805 rei
850 2743 977 2823 vindic,
1001 2743 1046 2804 rel
1072 2743 1205 2821 precario
1231 2742 1381 2823 possidere
1405 2741 1567 2816 constituat,

504 2834 539 2887 ut
558 2825 590 2885 iu
610 2826 647 2886 t.
670 2827 708 2887 18
728 2825 770 2909 ff
781 2824 817 2887 dc
840 2825 958 2909 acquir.
977 2842 1123 2906 possess„
1145 2826 1267 2887 traditio
1284 2825 1445 2903 corporalis
1463 2825 1507 2885 rei
1523 2823 1569 2883 do·

504 2914 583 2969 natac
595 2925 649 2985 pro
662 2907 737 2969 facta
755 2907 896 2983 habetur,
908 2924 1086 2985 quamquam
1103 2924 1207 2969 revera
1219 2909 1294 2970 factu
1308 2924 1369 2967 non
1387 2906 1497 2983 fuerit,
1511 2904 1570 2983 quia

505 2988 644 3069 fingitur,
656 2988 736 3066 quod
748 2987 861 3049 donans
873 2986 1042 3064 donatario,
1053 3006 1116 3048 rcm
1128 3011 1379 3065 antecursorum,
1392 2985 1476 3051 breui
1488 3004 1570 3048 murra

504 3070 671 3132 tradiderit.
689 3074 767 3131 Raro
782 3070 831 3149 jus
843 3070 1015 3129 canonicum
1030 3068 1083 3130 bas
1100 3067 1233 3129 fictiones
1247 3068 1393 3145 admittit3
1418 3087 1514 3149 noque
1526 3084 1570 3148 ogo

505 3153 646 3212 assentior
668 3151 799 3231 cujacio,
819 3151 869 3229 qui
894 3149 1047 3213 observat.
1072 3146 1123 3211 tit.
1147 3149 1187 3209 to
1214 3169 1282 3231 cup.
1310 3151 1350 3211 18
1431 3196 1440 3213 .
1466 3150 1570 3213 tomi

505 3232 560 3295 cot.
575 3234 649 3308 oto,
663 3231 740 3295 fictae
754 3232 920 3294 traditionis
931 3241 1138 3313 argumentum
1153 3232 1267 3292 sumita
1281 3248 1348 3312 cop.
1363 3232 1383 3291 2
1414 3236 1569 3295 ccccmo.

505 3314 557 3376 ubi
572 3312 664 3393 glebo
680 3313 800 3375 traditio
818 3332 879 3376 non
898 3312 1047 3375 fictionem
1063 3313 1210 3387 continet,
1234 3312 1286 3373 sed
1307 3313 1426 3393 signum
1451 3323 1496 3376 ost
1508 3314 1573 3375 data

506 3393 695 3473 possessionis
718 3403 806 3473 atquo
820 3394 883 3475 ejus
897 3396 1052 3456 veritatem
1067 3394 1206 3457 ostendit.
1220 3396 1293 3469 Qum
1312 3394 1434 3457 traditio
1452 3394 1489 3456 fit
1506 3411 1573 3473 saepe

506 3494 561 3555 per
575 3474 706 3555 glebam,
723 3494 775 3555 por
797 3476 937 3552 herbam,
958 3495 1013 3557 pcr
1031 3477 1187 3552 festucam,
1204 3493 1258 3555 per
1275 3476 1446 3547 cultellum,
1466 3496 1519 3557 per
1533 3494 1574 3537 os·

510 3557 600 3632 tium,
621 3556 652 3617 in
677 3556 811 3619 formulis
826 3558 971 3636 antiquis,
991 3577 1045 3638 por
1061 3576 1183 3637 panem,
1206 3575 1259 3635 per
1279 3558 1402 3619 librum.
1423 3562 1520 3637 Atque
1540 3559 1574 3617 ita

508 3636 635 3699 annulus
652 3638 769 3719 signum
788 3647 832 3701 est
850 3640 971 3701 foederis
997 3648 1028 3700 et
1049 3640 1111 3700 reri
1131 3640 1328 3716 matrimonii,
1347 3640 1419 3701 vitta
1444 3642 1575 3719 conjunc·

508 3719 596 3781 tionis
611 3736 677 3779 con.
694 3722 794 3802 7cop.
812 3724 852 3783 30
867 3728 974 3804 queat.
991 3724 1021 3783 b.
1041 3724 1091 3783 Est
1104 3728 1202 3782 autem
1216 3721 1408 3800 presumptio
1427 3722 1576 3804 diligenter

508 3821 525 3862 a
538 3799 656 3861 fictione
669 3800 887 3883 distinguenda.

549 3880 592 3962 (5)
614 3884 656 3944 Cu
680 3926 687 3943 .
710 3885 750 3945 50
770 3882 962 3965 desponsat.
991 3884 1049 3947 Sed
1076 3883 1133 3946 boc
1154 3882 1203 3961 jus
1219 3884 1403 3965 antiquatum
1424 3905 1509 3949 nunc
1524 3900 1578 3947 esst

509 3963 612 4027 monui
622 3902 706 4027 lidia
719 3964 765 4027 tit.
781 3966 800 4026 2
814 3974 883 4028 scot.
898 3964 957 4049 7§.
973 3968 1032 4029 too·
1039 3986 1114 4049 paq.
1130 3968 1202 4027 505.

557 4106 588 4207 §.
617 4100 763 4185 Xxlx„
779 4106 998 4206 Praesumptio
1016 4114 1123 4207 juris
1147 4121 1292 4183 tontum
1320 4126 1370 4181 est
1398 4135 1462 4201 ea,
1490 4134 1579 4208 quarn

508 4204 567 4277 dus
604 4204 722 4303 probat
747 4220 916 4305 tamquam
956 4208 1183 4299 verisimilem,
1213 4233 1282 4281 non
1314 4225 1488 4306 tamquam
1513 4232 1579 4280 cer·
