3575 5625
667 584 885 655 -505-

240 732 411 812 adjuvatur,
428 732 500 793 dam
513 728 550 791 ad
568 732 719 811 spirituale
741 750 959 812 nonnumquam
973 741 1128 795 resumunt
1142 732 1306 796 remedium

239 816 296 893 qui
317 817 421 875 timent
448 813 597 892 corporale
617 814 843 894 supplicium...
875 820 917 877 lix
942 835 1000 895 quo
1028 825 1126 877 autem
1152 818 1231 877 inter
1257 835 1306 877 sa-

241 897 376 959 cerdotes
399 896 453 959 Ilei
478 894 611 957 difficiles
632 904 823 973 commeatus,
844 906 874 958 ct
897 898 957 959 rari
979 906 1129 977 coepercnt
1152 917 1214 959 esse
1235 916 1307 959 con·

242 988 364 1054 ventus,
389 978 500 1039 invenit
512 977 552 1039 ob
564 977 709 1056 publicam
730 978 980 1056 perturbationem
1002 989 1112 1041 acorem
1132 980 1255 1056 pertidia
1267 980 1307 1041 li-

242 1061 402 1135 bertatem,
423 1068 454 1119 ct
466 1060 504 1120 ad
524 1060 683 1121 multarum
706 1060 850 1121 mentium
869 1061 1088 1123 subversionem
1102 1062 1149 1123 his
1168 1063 1306 1125 malisest

242 1144 377 1217 incitata,
399 1140 505 1219 quibam
519 1140 621 1203 debuit
635 1160 698 1203 csse
711 1151 848 1204 correcta.
865 1169 878 1197 s
899 1146 940 1207 Ac
950 1143 1080 1223 synodus
1095 1144 1197 1204 incerti
1208 1144 1263 1204 loci
1273 1145 1307 1205 in

243 1225 337 1286 Gallia
355 1222 452 1285 habita
466 1242 542 1285 anno
556 1224 672 1285 circiter
689 1226 764 1301 666,
782 1232 852 1287 tom.
874 1228 892 1286 6
907 1224 1012 1287 concil.
1028 1245 1102 1309 paq.
1117 1227 1178 1287 672
1195 1222 1307 1287 collect.

244 1306 400 1368 llarduini.
434 1306 673 1387 congestaque,
687 1307 740 1367 lib.
770 1310 807 1367 66
833 1307 906 1389 legis
930 1311 1084 1383 Romanae,
1103 1307 1167 1387 leqe
1191 1307 1309 1368 decreta

243 1389 378 1464 Dammi,
402 1405 540 1467 percurre
562 1388 664 1449 Leonis
681 1388 832 1467 epistolas,
848 1399 878 1451 et
902 1398 1065 1451 cementum
1080 1388 1256 1451 Pontificum
1270 1388 1308 1449 de
1400 1430 1404 1435 ‚

243 1470 371 1531 dirersis
393 1470 521 1531 conciliis
545 1470 582 1531 ad
603 1470 790 1550 imperatores
809 1473 1005 1548 transmissam
1030 1472 1146 1533 revolve
1167 1475 1309 1552 Augusto·

244 1570 316 1613 rum
332 1552 422 1613 edicta
445 1552 483 1613 de
506 1552 653 1614 haereticis
666 1552 703 1613 ad
720 1552 889 1633 petitionem
909 1554 1083 1616 Pontificum
1106 1554 1306 1635 promulgata3

245 1644 377 1697 scrutare
393 1638 537 1696 Cesaram
552 1642 718 1695 nostrorum
730 1635 873 1713 capitula,
894 1643 924 1695 et
940 1637 1072 1697 invenies
1084 1642 1226 1713 quantum
1238 1654 1309 1715 pro-

245 1718 351 1794 fuerit,
374 1726 461 1795 atque
480 1716 572 1795 prosit
587 1716 684 1798 legum
702 1718 838 1778 severitas
861 1736 919 1779 non
933 1718 1027 1780 solum
1045 1718 1242 1779 cmlesiasticm
1264 1718 1308 1777 le-

247 1800 347 1875 nitati,
375 1816 478 1860 verum
503 1798 592 1861 totius
619 1797 839 1861 christianitatis
864 1800 999 1879 optandae
1030 1800 1092 1879 paci
1121 1809 1151 1860 et
1180 1798 1310 1861 colenda

247 1880 484 1961 tanquillam»
504 1879 626 1958 Quodsi
639 1882 745 1957 ineos,
760 1881 809 1961 qui
824 1890 971 1943 monetam
984 1880 1164 1955 adulterant,
1179 1890 1230 1944 ant
1239 1880 1309 1941 alio-

246 1982 315 2023 rum
329 1964 493 2045 graviorum
508 1962 663 2024 criminum
686 1964 728 2023 rei
746 1971 828 2039 sunt,
848 1963 917 2025 licet
933 1964 1060 2041 Principi
1078 1964 1180 2043 capitis
1193 1982 1309 2043 poenam

247 2046 440 2121 constituere,
456 2064 509 2105 eur
532 2062 590 2105 uon
605 2045 704 2106 cadem
721 2064 804 2125 poena
818 2047 955 2106 constitui
969 2046 1077 2126 poterit
1090 2046 1228 2107 adversus
1242 2064 1306 2120 eos,

248 2126 302 2205 qui
332 2126 495 2187 adulterant
527 2134 615 2205 atque
651 2137 843 2207 corrumpunt
875 2129 1082 2193 sancimmam
1118 2128 1307 2208 religionem,

250 2216 338 2269 extra
350 2228 434 2289 quam
449 2226 537 2270 nemo
550 2215 689 2271 eternam
702 2210 825 2271 salutem
839 2212 976 2291 consequi
986 2213 1103 2290 potest?

296 2363 325 2466 §.
360 2364 450 2437 vlll.
488 2364 626 2437 Ministri
657 2390 819 2437 sacrorum
858 2383 987 2441 tautum
1030 2384 1183 2465 querunt
1228 2369 1310 2439 iute-

245 2467 398 2561 gritatem
424 2461 502 2535 fidei
531 2480 566 2535 et
591 2463 725 2536 salutem
756 2466 957 2553 animarum
996 2481 1030 2537 et
1056 2465 1129 2537 ideo
1156 2468 1219 2535 sois
1242 2490 1311 2562 pm·

247 2566 301 2633 nis
340 2561 403 2633 hoc
434 2577 561 2633 tantum
595 2564 797 2660 propositum
825 2562 967 2653 habent,
1000 2580 1042 2635 ot
1073 2588 1179 2661 pravae
1213 2566 1311 2633 nnius

247 2660 417 2732 alteriusve
455 2657 593 2732 hominis
641 2662 808 2758 opiniones
853 2661 923 2733 aliis
964 2664 1098 2751 minime
1152 2677 1310 2750 noceant,

246 2774 405 2857 atquem
434 2759 478 2849 ii,
511 2761 568 2856 qui
594 2762 627 2830 in
650 2784 794 2832 errorem
818 2757 940 2858 delapsi
965 2775 1060 2850 aunt,
1096 2785 1171 2831 eum
1201 2784 1313 2855 agnos·

247 2874 323 2930 cant
355 2883 392 2930 ao
424 2856 635 2930 detestentur.
672 2857 745 2944 Qua
776 2860 811 2928 in
847 2884 882 2929 re
920 2860 992 2954 quis
1030 2857 1246 2954 reprehendat
1265 2859 1313 2926 in·
1434 2894 1440 2905 -

249 2959 437 3055 quisitoras,
483 2955 572 3053 quod
611 2957 700 3028 omni
736 2981 798 3053 ope
840 2972 873 3026 at
911 2981 1008 3053 opera
1046 2957 1236 3043 enituntur,
1276 2968 1315 3022 ut

248 3071 393 3127 arceatur
430 3079 519 3126 error
556 3054 597 3124 ab
641 3057 696 3143 iis,
740 3056 797 3150 qui
829 3055 956 3148 integra
995 3052 1062 3124 fide
1107 3051 1205 3121 sunt?
1247 3048 1314 3133 Qui

249 3179 325 3226 vero
356 3156 392 3224 in
426 3177 534 3225 errore
562 3167 661 3241 sunt,
695 3177 763 3222 non
803 3152 831 3221 vi
872 3166 1034 3247 coguntur
1067 3147 1220 3245 amplecti
1263 3173 1314 3217 re·

247 3251 420 3348 ligionem,
458 3249 514 3322 sed
550 3253 656 3348 potius
693 3265 783 3320 metu
819 3274 928 3347 poeuae
973 3247 1014 3318 ab
1054 3273 1162 3320 errore
1199 3246 1311 3318 deter-
1421 3313 1427 3328 ,

249 3366 378 3439 rentur,
414 3365 452 3420 ut
491 3347 602 3420 divino
637 3347 786 3446 praesidio
825 3348 1027 3420 adducantur
1066 3345 1106 3417 ad
1144 3344 1315 3418 colendam

250 3473 360 3520 amore
393 3449 580 3538 veritatem,
610 3473 708 3544 quam
736 3449 771 3518 in
795 3446 966 3518 discrimen
995 3461 1219 3550 revocarerant
1243 3443 1310 3540 (l).

292 3595 334 3676 (l)
345 3600 455 3657 Verum
469 3595 531 3658 hacc
548 3605 591 3658 est
605 3597 774 3675 conquestio
789 3597 1032 3674 Donatianorum,
1052 3596 1192 3676 ajentiam
1214 3612 1313 3675 peenas
1338 3585 1345 3596 '

253 3682 284 3740 in
308 3679 458 3740 haereticos
478 3697 537 3740 non
558 3697 619 3740 esse
642 3679 871 3754 constituendas,
897 3679 1033 3757 quoniam
1059 3682 1171 3755 amore,
1200 3695 1259 3738 non
1281 3676 1312 3735 ri

250 3760 370 3822 colenda
385 3761 486 3842 religio
497 3769 551 3822 est.
564 3760 620 3823 Sed
634 3761 740 3822 horum
755 3761 872 3840 ineptiis
885 3760 1022 3822 satisfecit
1036 3762 1157 3844 August.
1170 3759 1257 3841 epist.
1274 3759 1313 3817 89

251 3841 294 3904 cd
312 3843 446 3920 Festum,
471 3852 499 3905 et
522 3842 608 3926 epist.
636 3845 694 3904 aas
719 3839 759 3904 nd
778 3841 916 3926 Bonisae.
939 3862 1007 3926 opp.
1037 3852 1107 3904 mm.
1134 3845 1153 3902 2
1180 3838 1311 3918 coditi

250 3933 281 3986 et
300 3941 371 4008 aeq..
387 3934 414 3986 et
431 3922 485 3986 cal.
508 3927 568 3987 645
583 3932 684 4008 etseq.
700 3923 746 3985 ed.
767 3925 838 3986 Van.
856 3927 953 4002 trra,
974 3923 1164 3987 Valdensium
1178 3939 1310 4001 quoque3

249 4015 390 4087 praeterea
409 4009 615 4083 catharorum,
629 4006 862 4088 Beguardorum,
883 4007 1112 4082 Wielefitarum,
1129 4005 1311 4066 llussitarum

248 4089 351 4168 opinio
374 4098 454 4164 erat,
479 4089 557 4169 quod
583 4093 689 4152 «Deus
711 4108 769 4150 uon
796 4089 859 4150 vult
884 4089 1137 4168 pseudoapostolos
1164 4093 1194 4146 et
1216 4083 1311 4144 haere·

248 4170 378 4233 siarchas
394 4173 540 4255 extingui,
556 4172 608 4234 scd
629 4171 760 4250 tolerari,
783 4173 807 4234 si
826 4173 903 4234 forte
914 4171 1100 4252 resipiscant,
1119 4175 1149 4230 et
1164 4185 1182 4228 e
1195 4164 1311 4230 zizaniis
