3575 5625
877 789 927 804 -
952 744 1025 815 526
1052 782 1100 797 -

498 911 529 1011 §.
558 908 617 979 lll.
661 900 872 993 sacrilegium
913 890 999 963 reale
1027 883 1190 1055 pluribus
1233 874 1340 948 modis
1376 867 1530 939 admitti-

453 1030 518 1081 tur.
549 1005 704 1077 Graviora
737 990 925 1095 hujusmodi
957 989 1035 1059 sacr'
1051 987 1123 1081 egia
1153 992 1250 1065 sunt,
1278 996 1354 1044 eum
1384 970 1420 1037 in
1453 986 1532 1059 pro·

453 1110 543 1178 sanos
580 1119 614 1174 et
648 1097 755 1169 multo
798 1093 899 1185 magis
927 1112 1003 1158 eum
1043 1085 1079 1152 in
1107 1100 1224 1177 pravos
1250 1088 1430 1165 turpesque
1452 1083 1533 1131 usus

454 1214 691 1276 convertuntur
742 1191 906 1275 ecolesiae,
955 1183 1087 1268 altaria,
1145 1197 1233 1245 sacra
1278 1191 1372 1253 rasa,
1427 1174 1537 1229 restes

455 1303 562 1373 altoris
600 1294 780 1365 ministerio
827 1285 988 1371 addictae,
1027 1278 1108 1349 sacri
1144 1270 1290 1355 codices,
1330 1276 1436 1333 cetera
1480 1278 1539 1348 ge-

456 1401 542 1471 neris
580 1391 728 1488 ejusdem
764 1386 831 1483 (l).
877 1382 1017 1451 Furtum
1051 1395 1184 1471 quoque
1224 1360 1428 1455 sacrilegium
1462 1366 1538 1439 est,

457 1501 483 1567 si
521 1520 571 1564 res
626 1514 734 1576 sacra,
770 1499 827 1556 sut
877 1504 947 1551 non
984 1500 1091 1561 sacra,
1135 1466 1193 1539 sed
1233 1479 1346 1533 tamen
1389 1450 1538 1525 eoeloeiae

457 1591 571 1665 tutelae
601 1604 636 1659 ot
669 1582 828 1656 custodiae
862 1572 1109 1658 commendata,
1151 1563 1315 1635 auferatur
1351 1552 1419 1648 (ᾖ).
1463 1546 1540 1616 Eo·

459 1691 535 1762 dem
577 1684 753 1770 recidunt,
797 1679 854 1777 qui
905 1672 1055 1745 fidelium
1094 1663 1273 1737 oblationes
1314 1667 1371 1722 aut
1412 1656 1543 1738 negant

375 1800 388 1820 “
459 1787 617 1874 ecclesiis,
660 1796 717 1851 aut
753 1802 830 1848 curu
867 1768 1063 1843 difficultate
1099 1760 1264 1844 reddunt,
1308 1746 1398 1847 quod
1447 1756 1544 1814 tom-

458 1882 793 2077 qreerp5)epontiuns
828 1882 1004 1944 necatores
1047 1863 1181 1957 antiqua
1222 1848 1358 1925 concilia
1387 1863 1544 1915 execran-

462 2001 518 2055 tur
611 2032 618 2047 .

504 2127 546 2209 (4)
560 2126 707 2189 Adversus
721 2138 785 2196 cos,
805 2116 857 2195 qui
879 2112 991 2174 audent
1011 2134 1024 2161 ιι
1037 2110 1215 2169 Convertere
1224 2105 1256 2159 et
1266 2104 1405 2171 torquere
1419 2090 1545 2146 senten·

466 2212 521 2271 tias
538 2226 596 2269 sao.
622 2206 782 2282 Scripturrc
806 2199 843 2260 ad
869 2193 1022 2265 scurrilia,
1045 2187 1153 2249 scilicet
1183 2178 1328 2252 fabulosa,
1356 2186 1448 2241 rana,
1470 2163 1546 2223 adu·

465 2292 603 2363 lotiones,
643 2284 853 2353 detractiones,
889 2271 1127 2355 superstitiones,
1171 2262 1275 2342 impias
1313 2262 1344 2315 et
1384 2246 1547 2311 diabolicas

466 2370 693 2441 incantationes,
722 2359 932 2432 divinationes,
962 2361 1071 2425 sortes,
1103 2346 1217 2409 libellos
1250 2340 1339 2402 etiam
1370 2334 1512 2395 famosos,
1526 2349 1541 2377 r

468 2450 671 2570 Qifffimfm
686 2444 837 2534 decretum
858 2446 902 2498 est
918 2434 1034 2497 concilii
1052 2426 1220 2494 Tridentini
1237 2440 1309 2486 sess.
1332 2420 1353 2477 4
1377 2414 1411 2474 in
1433 2408 1547 2472 decret.

510 2552 552 2669 (⁸2)
574 2519 987 2658 iton”desunt]‹;’r¹1's⁰s'e'mper
1010 2584 1196 2649 sauuegrum
1209 2577 1326 2627 uomitu
1347 2578 1454 2638 putant
1475 2580 1550 2612 eum

472 2688 520 2765 res
532 2668 678 2761 aliqua'ex
691 2663 754 2723 loco
766 2678 848 2721 sacro
869 2657 1021 2731 aufertur,
1043 2654 1112 2713 licet
1125 2668 1158 2711 oa
1171 2666 1252 2741 sacra
1272 2661 1332 2705 non
1345 2642 1394 2702 sit.
1407 2634 1467 2700 Sed
1480 2634 1552 2713 ple-

471 2748 829 2901 tttltllttttlt
841 2752 1139 2891 tinnierit,
1151 2722 1554 2891 tltitrtlltnttt:

472 2913 601 2996 jusmodi
623 2909 760 2983 tutelam,
776 2921 901 2985 qunque
922 2921 990 2963 casu
1010 2901 1042 2959 in
1064 2896 1183 2959 ccclesia
1203 2889 1404 2972 reperiuntur.
1421 2885 1553 2944 Tantum

476 3017 544 3059 curn
566 2995 638 3068 illoe,
662 3009 723 3052 nou
744 2990 815 3050 item
829 3003 897 3046 cum
910 2983 958 3044 hae
975 2972 1368 3054 autentum-sacrilegium
1390 2961 1556 3026 committi-

477 3090 538 3141 tur.
561 3069 885 3139 ConlerGonuolezium
902 3065 936 3126 in
958 3082 1025 3145 cop.
1046 3063 1065 3122 8
1089 3059 1125 3120 de
1138 3055 1198 3140 fiir.
1221 3060 1380 3136 competere.
1406 3062 1495 3107 num.
1520 3043 1554 3102 t.

479 3166 578 3224 Canon
596 3154 793 3236 apostolorum
818 3151 857 3210 62
875 3144 917 3208 ol.
941 3147 981 3206 ot
1000 3141 1080 3222 apud
1100 3140 1277 3202 cotelerium
1299 3136 1366 3195 PP.
1388 3120 1553 3210 Apostolic.

479 3253 549 3303 torn.
568 3241 581 3299 4
601 3255 674 3320 pop.
692 3237 748 3295 tot
767 3230 837 3293 edit.
854 3224 1013 3290 Amstelori.
1032 3219 1127 3298 4744,
1146 3216 1298 3302 aeqrepori
1309 3215 1396 3295 jubet
1414 3207 1557 3271 clericum

479 3330 530 3383 ant
547 3321 654 3380 laicum
671 3317 722 3393 qui
744 3313 899 3374 abstulerit
920 3329 957 3372 en
978 3309 1091 3369 Sancto
1114 3299 1235 3364 moieno
1250 3316 1351 3360 mrum
1368 3288 1415 3354 oel
1441 3286 1554 3351 oleum

482 3407 547 3464 lluc
559 3400 647 3461 etiam
669 3394 818 3456 referendi
839 3399 909 3452 sunt
931 3388 1090 3452 traditores
1109 3384 1157 3445 rel
1170 3379 1348 3464 proditores,
1372 3374 1425 3452 qui
1445 3369 1557 3432 scilieet

481 3477 691 3562 persecutionis
716 3484 848 3554 tempore
867 3491 964 3534 saeros
983 3469 1096 3532 ecdicos
1118 3465 1165 3526 rel
1178 3483 1259 3526 sacro
1272 3479 1340 3524 rosa
1353 3453 1481 3518 ethnicis
1495 3459 1559 3509 tra·

482 3562 643 3632 didissent,
656 3567 686 3618 et
700 3555 857 3635 dequibus
873 3555 934 3634 agit
947 3551 1103 3614 concilium
1123 3548 1292 3609 Arelatense
1307 3546 1319 3604 l
1342 3557 1412 3602 con.
1430 3537 1470 3596 45
1483 3540 1557 3593 tom.

484 3646 499 3705 4
518 3639 575 3704 col.
600 3641 679 3701 4454
701 3634 810 3700 collect.
828 3634 947 3696 labbei.
968 3633 1061 3711 liujus
1079 3629 1210 3690 criminis
1228 3625 1416 3689 cecilianum
1440 3631 1560 3676 accusa-

483 3725 556 3787 bant
575 3719 753 3794 Donatiatre3
775 3716 883 3796 quibus
898 3715 1056 3793 respondet
1077 3710 1258 3790 Augustinus
1274 3725 1321 3789 ep.
1349 3703 1407 3763 tot
1429 3714 1517 3759 nem.
1540 3695 1560 3752 4

485 3805 535 3868 cd.
551 3799 687 3884 Bonifoe.
708 3817 777 3882 opp.
798 3805 869 3858 tom.
896 3791 990 3857 troi.
1013 3797 1074 3854 ott
1087 3790 1159 3853 edit.
1179 3792 1279 3853 Vener.
1298 3786 1389 3848 1729.
1416 3806 1430 3834 n
1444 3780 1561 3840 sivero

486 3893 598 3962 essent,
625 3899 692 3962 quoe
718 3879 755 3942 ab
783 3880 825 3939 eis
853 3877 966 3957 objecta
996 3884 1065 3936 sunt
1096 3873 1262 3935 ceciliano.
1281 3914 1289 3929 .
1307 3910 1342 3928 ..
1372 3867 1469 3944 ipsum
1496 3857 1561 3936 jam

485 3977 638 4032 mortuum
652 3961 986 4024 anathematizaremus»
1008 3961 1120 4019 Revera
1133 3955 1184 4033 qui
1198 3954 1261 4013 haec
1272 3949 1425 4012 Goeoiliauo
1439 3938 1563 4018 objicio·

358 4099 361 4102 -
480 4053 575 4128 -bant,
598 4047 653 4128 ipsi
667 4043 823 4106 traditores
846 4050 948 4116 erant,
976 4040 1020 4100 uti
1035 4042 1155 4099 exactis
1173 4033 1287 4096 concilii
1312 4026 1453 4092 Cirtensis
1467 4029 1565 4083 osten·

489 4134 566 4194 dunt
587 4132 710 4208 Optatus
730 4123 915 4218 ldilevitapus
934 4119 957 4182 4.
983 4124 997 4182 4
1015 4118 1051 4180 de
1072 4115 1197 4179 Senem.
1217 4115 1322 4178 dorem.
1342 4131 1410 4193 cop.
1428 4111 1467 4171 45
1480 4113 1507 4168 et
1524 4105 1565 4165 44

488 4214 658 4355 pppatpstpg
671 4204 950 4352 simbrano&
975 4198 1264 4346 dauppstgzusdppist.
1293 4195 1332 4257 76
1360 4191 1404 4256 oi.
1435 4192 1489 4252 474
1521 4183 1565 4246 od

748 4332 756 4350 .
825 4303 880 4370 pp.
908 4303 968 4348 om.
1019 4300 1073 4345 ro.
1142 4287 1276 4342 otest.
