3575 5625
899 619 948 636 ...
959 579 962 586 ’
973 578 1046 650 090
1072 620 1120 635 .-

470 726 579 792 collect
596 728 704 790 Eadem
718 727 847 788 eeclesias
867 726 1029 805 discipline
1043 727 1118 787 ratio
1132 735 1188 786 est.
1209 728 1301 787 Porro
1317 725 1477 786 concilium
1494 728 1546 790 lli-
1661 753 1662 801 p

469 829 584 872 666666
599 828 660 870 666
678 817 794 870 tantum
807 825 940 868 errorem
956 808 1018 870 Arii
1037 807 1259 883 eondcmnavit,
1279 808 1331 868 sed
1351 807 1416 886 ejus
1428 826 1546 887 quoque
1661 805 1662 826 ¹

468 909 624 971 personam
647 899 678 950 ct
698 890 827 964 librum,
851 907 941 968 (61666
968 888 1102 951 'lhsliam
1127 889 1329 966 inscripserat,
1346 897 1380 948 ut
1408 897 1490 966 patet
1511 908 1546 950 ex

470 973 559 1055 epist.
579 970 688 1055 synod.
709 973 776 1033 PP.
797 968 977 1032 6666111161
993 968 1273 1046 6661661166661,
1297 969 1375 1048 apud
1396 969 1544 1032 labbeum

469 1071 554 1116 6666.
577 1062 649 1114 tom.
676 1050 770 1114 1661.
796 1053 872 1128 150,
894 1069 1055 1130 omnesque
1071 1053 1212 1130 compulit
1235 1051 1274 1126 sd
1298 1051 1545 1112 subscribendum

285 1095 291 1102 ³
405 1199 409 1206 ,
470 1134 667 1208 damnationi,
686 1125 888 1196 Theodoretus
904 1129 1008 1194 116166.
1026 1131 1077 1194 111.
1096 1137 1110 1194 1
1132 1152 1199 1215 666.
1216 1133 1235 1191 8
1250 1151 1323 1274 paq.
1341 1135 1377 1195 51
1400 1130 1449 1192 ed.
1469 1135 1547 1194 Gau·

470 1213 692 1297 1616161710,
712 1223 742 1276 61
762 1215 904 1278 Eusebius
925 1214 1155 1276 Nieomediensis
1174 1233 1208 1276 66
1224 1216 1249 1275 Τ
1272 1215 1393 1295 eognius
1411 1214 1548 1276 Nieoenus

470 1295 655 1358 subscribere
679 1297 811 1358 nolentes
833 1315 850 1355 a
871 1297 994 1357 eoncilia
1014 1303 1084 1357 sunt
1108 1296 1250 1374 depositi,
1277 1313 1374 1374 neque
1397 1295 1546 1370 restiuati,

470 1378 528 1438 nisi
540 1385 624 1438 antea
639 1377 810 1455 probassent
822 1377 938 1452 omnia,
954 1396 1020 1455 quse
1032 1397 1049 1439 a
1063 1377 1200 1440 Patribus
1211 1374 1328 1436 decreta
1341 1377 1477 1451 luerunt,
1494 1380 1548 1438 Su-

423 1478 435 1508 ·
470 1467 565 1520 mutes
581 1455 685 1520 leun
707 1456 759 1520 bb.
786 1461 884 1540 1666.
904 1460 924 1517 8
946 1465 974 1518 61
996 1460 1034 1520 11
1051 1477 1125 1540 puy.
1146 1461 1182 1520 11
1204 1464 1234 1517 61
1255 1460 1295 1519 11
1315 1455 1362 1520 61.
1385 1455 1544 1533 Cantaba,

471 1559 561 1619 quem
572 1541 604 1600 in
618 1540 715 1602 locum
728 1538 873 1601 videndus
886 1547 932 1600 est
948 1539 1081 1600 Valesius
1096 1541 1127 1600 in
1142 1538 1243 1600 Notis.
1261 1542 1294 1600 ln
1309 1539 1433 1600 66661116
1448 1538 1548 1617 Ephe-

471 1621 536 1682 6166
549 1629 699 1700 umquam
718 1621 860 1682 catholica
880 1620 1002 1698 probata
1022 1629 1067 1681 est
1079 1625 1110 1684 S.
1133 1620 1236 1699 cyrilli
1251 1619 1372 1698 epistola
1386 1619 1424 1680 ad
1441 1623 1548 1681 Nesto-

471 1701 566 1778 rium,
589 1702 797 1781 ipsius-autem
817 1702 943 1766 Nestorii
962 1702 1083 1780 epistola
1101 1702 1140 1762 ad
1154 1702 1299 1780 cyrillum
1321 1709 1473 1778 tamquam
1491 1700 1548 1762 lare

471 1785 562 1844 retica
585 1784 722 1845 omnibus
745 1783 883 1844 damnata
904 1791 963 1857 est,
983 1784 1197 1863 proscriptique
1215 1789 1284 1844 sunt
1308 1783 1436 1845 Nestorii
1464 1800 1548 1844 erro-

470 1878 520 1924 res
542 1865 689 1943 desumpti
711 1883 749 1926 eu
780 1863 865 1927 labn'a
882 1865 1158 1949 commentatioque
1182 1863 1294 1945 ipsius,
1318 1871 1391 1924 1666.
1420 1866 1439 1924 5
1466 1882 1546 1925 coac.

472 1953 531 2006 661.
551 1948 566 2007 1
587 1943 642 2007 661.
667 1947 747 2007 1007
767 1955 796 2008 61
814 1947 907 2008 1078.
926 1949 961 2007 16
980 1947 1103 2007 concilio
1116 1945 1344 2008 chalcedonensi
1363 1944 1490 2022 probata
1506 1954 1549 2006 est

472 2026 594 2104 epistola
611 2031 643 2089 S.
658 2027 763 2088 Leonis
778 2031 820 2090 ll.
839 2037 897 2089 661.
914 2029 934 2086 1
951 2034 1021 2088 1661.
1038 2024 1127 2090 leel.
1147 2030 1228 2089 1581
1241 2044 1317 2109 seq,
1340 2051 1354 2080 u
1370 2029 1408 2087 lta
1422 2027 1476 2104 qni
1490 2044 1548 2088 non

471 2107 630 2169 subscribit
644 2109 792 2187 epistolae,
815 2109 864 2168 cui
886 2108 983 2168 omnis
1003 2116 1101 2170 sancta
1114 2108 1245 2188 synodus
1267 2108 1431 2183 consentit,
1456 2106 1548 2168 bere·

471 2189 548 2248 ticus
560 2197 622 2265 est,
636 2214 651 2244 u
671 2191 811 2269 inquiunt
829 2189 946 2252 concilii
961 2192 1062 2252 Patres
1076 2198 1134 2252 661.
1154 2186 1245 2251 beel.
1259 2191 1352 2250 1105.
1373 2192 1409 2250 ln
1424 2190 1548 2250 concilio

472 2272 636 2330 OEcumen.
652 2270 845 2332 Vdamnatus
858 2278 904 2332 est
918 2271 1077 2351 Origenes,
1092 2272 1213 2351 ejusque
1225 2270 1359 2332 doctrina
1373 2277 1404 2330 et
1421 2271 1547 2349 scripta,

473 2349 644 2411 6116666161
662 2369 700 2412 ec
723 2371 792 2412 666.
816 2354 852 2413 11
876 2348 974 2432 ejusd.
993 2370 1076 2414 oouc.
1094 2353 1172 2432 apud
1192 2352 1341 2415 labbeum
1363 2359 1437 2412 tom.
1454 2355 1473 2412 6
1493 2349 1548 2414 661.

473 2431 531 2492 111
542 2472 551 2507 ,
563 2440 594 2491 61
607 2431 670 2509 ejus
680 2431 816 2511 discipuli
829 2441 882 2493 aut
894 2431 1076 2497 damnationi
1094 2434 1294 2509 subscribere,
1310 2442 1361 2494 aut
1375 2431 1415 2493 dc
1429 2433 1551 2494 eeclesia

471 2511 555 2572 exire
571 2513 763 2591 6666116661,
788 2520 864 2574 teste
888 2513 1069 2594 Hieronymo
1124 2516 1174 2578 161.
1197 2512 1493 2576 6661666661.
1522 2522 1551 2576 61

463 2595 584 2654 coece.
603 2612 673 2676 opp.
696 2602 768 2656 1661.
790 2597 807 2656 1
832 2591 890 2656 col.
911 2595 1041 2657 111611.
1066 2616 1081 2656 6
1106 2601 1196 2674 ‚Qua
1217 2595 1322 2658 eadem
1335 2594 1448 2675 synodo
1468 2596 1551 2656 dam·

472 2681 541 2734 nata
555 2692 673 2753 quoque
690 2683 761 2738 eunt
779 2675 836 2736 tria
853 2675 996 2754 capitula,
1019 2677 1076 2738 laoc
1097 2687 1141 2739 est
1161 2677 1269 2756 scripta
1290 2676 1436 2740 Theodori
1461 2680 1552 2756 1166-

472 2756 602 2817 suesteni
622 2775 657 2817 ac
684 2754 862 2820 Theodoreti
885 2756 1027 2820 adversus
1047 2762 1078 2822 S.
1104 2759 1264 2839 cyrillum,
1288 2767 1318 2821 et
1346 2757 1466 2837 epistola
1488 2758 1552 2822 lbra

472 2834 612 2899 Edemeui
629 2839 668 2899 ad
684 2840 789 2901 llarim
817 2843 952 2912 Persam,
974 2839 1140 2919 dequibus
1162 2860 1267 2923 magna
1285 2840 1453 2903 animorum
1473 2858 1550 2903 uun·

472 2918 605 2981 tentione
616 2921 820 2998 querebatur,
837 2940 910 2982 num
928 2922 959 2981 in
977 2921 1014 2983 iis
1035 2924 1161 2985 Nestorii
1177 2940 1293 2983 errores
1310 2922 1550 2985 continerentur.

473 2999 610 3079 synodus
622 3000 687 3063 brec
700 3003 757 3063 tria
772 3002 898 3080 capitula
912 3002 1076 3079 damnavit,
1094 3012 1183 3084 atque
1201 3023 1321 3079 omnes,
1345 3003 1398 3083 qui
1412 3003 1550 3065 catholici

471 3080 576 3143 baberi
593 3083 717 3159 vellent,
734 3083 914 3144 damnationi
929 3083 1113 3146 subscribere
1126 3086 1236 3165 coegit,
1252 3086 1296 3147 uti
1315 3092 1428 3147 constat
1442 3104 1478 3145 ex
1493 3089 1550 3147 Fe-

473 3162 571 3248 cunda
597 3161 900 3226 nantuacensibus
921 3183 990 3259 666.
1012 3168 1027 3226 1
1052 3184 1126 3247 paq.
1151 3164 1254 3229 5661.
1274 3166 1377 3227 Poris.
1405 3168 1503 3243 1686,
1521 3176 1550 3227 61

466 3247 505 3306 6.
520 3245 661 3324 Gregorio
675 3250 715 3307 11.
734 3265 781 3327 ep.
801 3248 866 3307 161
882 3246 921 3307 51
941 3243 993 3307 bb.
1015 3247 1123 3329 1666.
1150 3256 1221 3309 tom.
1243 3246 1337 3310 1661.
1359 3248 1465 3308 60161
1488 3250 1548 3309 719

473 3325 523 3385 611.
536 3323 583 3385 ed.
601 3326 701 3388 Puris.
717 3327 800 3387 ldem
813 3327 953 3388 adversus
973 3327 1123 3407 Pelagium
1134 3328 1244 3390 iactum
1257 3338 1318 3405 est,
1331 3333 1374 3390 uti
1386 3329 1549 3391 ostendunt

474 3405 657 3484 Augustinus
669 3404 705 3466 de
721 3414 835 3488 666661.
858 3408 969 3489 cripta.
992 3428 1026 3469 66
1049 3411 1265 3492 ,96661666
1291 3414 1330 3472 10
1351 3408 1408 3471 661.
1429 3412 1507 3486 aba,
1523 3420 1550 3471 et

473 3484 511 3547 de
530 3492 603 3566 qest.
627 3484 732 3569 Pelup.
755 3507 822 3569 cup.
847 3491 905 3550 61.
923 3491 963 3549 10
984 3427 1046 3552 col,
1062 3493 1122 3551 100
1140 3488 1211 3553 edit.
1236 3492 1305 3568 cit.,·
1327 3492 1518 3553 Innocentius
1538 3496 1551 3553 l

473 3567 521 3630 61.
547 3568 583 3627 51
605 3564 645 3627 61
668 3568 792 3648 lapiso.
812 3569 891 3648 opud
910 3574 1111 3633 Constantium
1133 3571 1321 3714 66166111.
1347 3574 1515 3635 Romanor.
1533 3576 1550 3634 6

474 3646 530 3711 661.
550 3650 702 3722 0056166
723 3653 763 3711 ll.
779 3669 826 3732 ep.
845 3655 857 3711 1
883 3650 925 3712 61
945 3652 1034 3733 episc.
1057 3654 1173 3749 Aqui„
1198 3662 1228 3715 et
1249 3673 1295 3737 cp.
1320 3653 1548 3749 1668661166.

473 3728 1552 3896 11111611111111111111111111111

472 3895 628 3978 quatinus,
645 3894 740 3971 deque
756 3896 819 3974 ejus
834 3896 1101 3973 propositionibus,
1120 3916 1153 3957 ac
1176 3896 1211 3957 de
1226 3896 1391 3959 moralibus
1410 3895 1552 3959 6666666-

474 3975 601 4039 11661166
615 3977 762 4052 Quesnelli
779 3977 871 4038 latum
890 3985 934 4038 est
951 3977 988 4039 ab
1002 3979 1171 4039 Innocentio
1185 3982 1213 4040 X
1228 3979 1346 4041 constit.
1367 3980 1446 4039 Cum
1465 3998 1552 4041 occc-

473 4060 626 4121 61666167
641 4055 750 4120 bullar.
766 4060 851 4120 11661.
868 4066 939 4120 1661.
958 4062 1060 4140 epar.
1078 4062 1096 4121 5
1116 4078 1189 4141 pop.
1213 4063 1288 4137 utu,
1310 4060 1480 4122 Alexandro
1495 4066 1552 4123 llll

475 4150 567 4204 ecust.
589 4139 636 4203 11
657 4149 792 4202 sanctum
807 4142 866 4200 156
889 4149 959 4201 tom.
977 4144 995 4201 6
1012 4160 1083 4225 por.
1104 4144 1211 4225 tpoq.
1238 4144 1316 4221 1503
1337 4142 1489 4205 clemente
1507 4148 1551 4206 xl
