3575 5625
881 635 1028 705 ..296
1053 678 1102 689 -

453 788 663 863 custodienda
696 791 759 858 erit
800 786 974 880 diligenter
983 838 997 871 ,
1031 808 1135 881 esque
1166 808 1243 854 cura
1278 798 1312 853 et
1341 782 1528 857 sollicitudo

452 888 495 960 od
527 912 602 959 enm
624 884 815 982 pertinebit,
843 887 900 981 qui
924 882 999 953 hnic
1029 882 1217 980 reipublice
1242 885 1437 979 praepositus
1457 882 1533 953 est?

502 1023 532 1127 ς.
561 1024 604 1095 ΙΙ.
646 1024 732 1119 Ergo
767 1048 915 1094 summm
954 1022 1126 1112 Pontifex,
1165 1024 1217 1092 eui
1250 1035 1321 1093 tota
1359 1023 1534 1093 commissa

454 1138 504 1195 est
525 1119 684 1193 catholica
714 1120 865 1209 ecclesia,
900 1145 1013 1191 curare
1040 1122 1076 1191 in
1102 1122 1216 1216 primis
1248 1118 1369 1207 debet,
1405 1134 1445 1189 ut
1474 1118 1534 1189 in-

454 1236 546 1317 tegre
573 1221 614 1291 sit
649 1217 751 1309 fides,
784 1234 823 1289 ut
846 1243 971 1289 errores
1003 1232 1253 1306 removeantur,
1279 1232 1318 1287 ut
1342 1218 1534 1313 inquiratur

456 1318 493 1389 in
526 1341 599 1407 eos,
644 1318 701 1413 qui
740 1315 844 1391 fidem
882 1340 1013 1387 corrum
1039 1331 1100 1387 unt
1150 1330 1336 1411 statumque
1370 1312 1538 1385 ecelesias-

457 1418 529 1487 ticae
555 1414 742 1511 reipublicae
775 1429 980 1511 pervertunt.
1012 1342 1090 1485 brec
1118 1439 1211 1484 causo
1243 1414 1306 1483 fuit
1337 1411 1537 1483 instituendi

457 1512 624 1601 tribunal,
679 1510 768 1608 quod
814 1512 1032 1608 inquisitionis
1070 1527 1223 1601 vocatur,
1269 1512 1427 1606 quoniam
1463 1511 1538 1607 ejus

457 1625 505 1679 est
542 1611 707 1705 inquirere
733 1612 769 1679 in
800 1634 947 1698 errores,
977 1612 1035 1704 qui
1066 1611 1287 1680 contaminare
1315 1609 1442 1677 animos
1477 1632 1540 1677 ea-
1670 1625 1672 1682 ξ

461 1705 656 1777 thnlicornm
701 1721 855 1803 possunt,
902 1730 1022 1803 eosque
1068 1732 1086 1775 a
1137 1702 1330 1777 saiutaribus
1374 1702 1541 1777 doctrinae
1670 1695 1672 1782 ἶ

459 1808 583 1901 pascuis
620 1802 793 1875 ebducere.
845 1799 945 1874 initio
996 1805 1222 1900 unusquisque
1264 1805 1433 1899 episcopus
1502 1804 1542 1871 in

459 1901 589 1973 dioeeesi
621 1926 695 1991 sna,
733 1900 784 1973 vel
816 1901 926 1998 plures
952 1904 1094 1998 episcopi
1119 1902 1154 1970 in
1181 1899 1368 1998 provinciali
1396 1896 1540 1969 concilio
1670 1893 1672 1932 ²

461 2001 647 2094 congregati
682 2001 716 2068 in
744 2023 821 2087 eos,
849 2000 907 2094 qui
937 2000 972 2068 in
1003 1998 1153 2087 dioeeesi,
1186 2014 1244 2069 ant
1271 1998 1438 2094 provincia
1466 1999 1543 2067 nri-

460 2112 597 2184 rentur,
638 2120 763 2167 errores
792 2095 1003 2193 inquirebant
1034 2096 1107 2193 (1);
1146 2120 1275 2193 semper
1312 2109 1423 2165 tamen
1467 2119 1545 2189 gra·
1670 2151 1672 2178 ,

460 2196 547 2264 viora
597 2194 725 2287 negotia
774 2191 815 2265 sd
868 2191 977 2265 sedem
1025 2192 1242 2361 Apostolicam
1292 2180 1543 2280 referebantur,
1670 2185 1672 2228 ³

462 2305 561 2387 atque
584 2292 629 2361 5²⁸
658 2293 846 2387 0P⁵⁸⁰⁰P¹¹⁸2
881 2289 931 2361 vel
969 2294 1060 2363 conci
1074 2294 1143 2361 ium
1173 2288 1371 2389 provinciale
1396 2289 1438 2359 ad
1468 2290 1547 2360 exi·
1670 2279 1672 2328 ³

461 2402 534 2457 tum
571 2384 819 2483 perducendum
868 2386 1003 2459 curabat
1036 2386 1128 2487 quod
1171 2414 1191 2459 a
1232 2388 1311 2460 sede
1353 2386 1547 2483 Apostoiiea
1670 2413 1672 2498 p

463 2484 632 2555 decretum
655 2484 759 2555 iuerat
779 2483 847 2581 (2).

503 2630 546 2711 (r)
568 2630 644 2693 vtae
668 2631 816 2695 naussum
831 2632 978 2695 iissem
995 2632 1032 2696 re
1053 2634 1204 2695 tersere.
1225 2632 1295 2696 rer.
1314 2632 1365 2695 to.
1381 2636 1400 2694 t
1415 2652 1489 2715 ωρ.
1506 2637 1547 2711 s,
1670 2623 1672 2704 i

463 2721 493 2773 et
519 2713 690 2774 Rianchium
709 2710 779 2775 dell'
796 2714 921 2777 esterior
933 2713 1048 2797 policia
1071 2714 1150 2779 delio
1171 2712 1277 2779 Citieos
1297 2726 1368 2778 tom.
1393 2717 1549 2797 scens

463 2792 491 2876 S.
507 2796 545 2854 10
559 2815 644 2856 num.
660 2798 679 2858 ἓ
693 2803 721 2856 et
733 2796 762 2858 5.
1670 2791 1672 2837 t

502 2876 544 2958 (Ξ)
567 2879 674 2939 Confer
695 2897 761 2956 quse
777 2877 837 2938 dixi
856 2877 889 2938 in
904 2876 1126 2962 Prolepomenis
1144 2880 1171 2963 3.
1189 2884 1244 2953 35,
1261 2888 1291 2940 et
1305 2880 1339 2940 in
1355 2886 1418 2940 not.
1434 2887 1513 2940 tom.
1531 2883 1545 2941 t

461 2976 534 3041 pap.
557 2962 595 3020 52
611 2969 637 3020 et
650 2977 731 3043 seq,
749 2967 777 3020 et
789 2956 840 3021 tit.
864 2961 882 3020 5
903 2960 949 3021 tit.
966 2965 985 3022 t
1002 2959 1029 3043 S.
1046 2964 1065 3023 8
1082 2961 1115 3022 in
1128 2972 1190 3024 not.
1211 2964 1225 3024 i
1246 2971 1268 3022 t.
1285 2963 1305 3022 2
1314 2979 1390 3043 pop.
1405 2962 1505 3043 83η,
1670 2968 1672 2997 ι

511 3110 539 3210 §.
569 3112 628 3184 111.
669 3113 776 3211 Lapsu
813 3127 1023 3212 temporum,
1064 3140 1141 3190 cum
1173 3116 1300 3209 gravius
1335 3112 1459 3187 malum
1491 3141 1551 3185 ur·

465 3235 541 3304 gere
575 3209 759 3298 videretur,
793 3214 940 3306 oportuit
968 3237 1114 3284 summos
1139 3212 1316 3286 Pontifices
1342 3213 1379 3281 in
1408 3234 1460 3282 eus
1487 3237 1551 3284 re·

464 3308 595 3399 ginnes,
640 3311 675 3378 in
715 3307 836 3404 quibus
874 3310 1011 3382 haerosis
1052 3309 1151 3404 longe
1200 3310 1332 3406 lateque
1368 3307 1548 3403 serpebat,
1670 3386 1672 3389 .

464 3399 586 3494 legatos
631 3406 786 3492 mittere,
829 3409 886 3501 qui
924 3432 1016 3478 suam
1039 3409 1213 3505 -episcopis
1252 3431 1351 3504 opem
1385 3402 1551 3503 adjunge·
1670 3402 1672 3477 Ῐ

464 3513 558 3585 rent,
610 3517 646 3570 ut
683 3502 727 3570 ita
772 3501 897 3574 facilius
940 3503 1159 3599 perditorum'
1190 3504 1379 3576 hominum.
1408 3501 1551 3576 audacia
1670 3546 1672 3595 3

463 3598 603 3665 coerceri
652 3612 686 3668 et
729 3596 894 3670 christiani
945 3601 1102 3674 deterreri
1144 3627 1163 3672 a
1202 3603 1380 3697 peregrinis
1415 3603 1553 3696 pratis-2

465 3715 531 3784 qne
558 3690 714 3763 doctrinis
739 3713 872 3790 possent
897 3697 963 3792 (i).
995 3696 1063 3770 Sed
1084 3725 1160 3770 cum
1185 3702 1262 3771 nori
1283 3697 1430 3795 quotidie
1446 3723 1553 3772 erro-
1670 3692 1672 3699 ¹

463 3812 515 3858 res
553 3807 770 3885 erumperunt
800 3809 835 3864 et
873 3818 1031 3868 numerus
1073 3811 1247 3892 augeretur
1284 3795 1549 3886 brareticorum,

462 3883 559 3981 legati
596 3902 707 3958 autem
744 3911 853 3984 neque
894 3915 1023 3988 semper
1055 3909 1232 3990 praesentes
1269 3908 1394 3983 essent,
1433 3917 1553 3989 neque

464 4007 593 4082 semper
624 3987 699 4054 setis
725 3999 839 4082 aptum
871 3987 958 4059 melo
990 3990 1170 4062 remedium
1199 3989 1412 4078 adhiberent,
1437 3992 1552 4064 risum

463 4096 512 4150 est
533 4099 709 4179 perpetuos
740 4084 910 4157 instituere
945 4089 1170 4182 magistratus,
1206 4091 1265 4186 qui
1298 4111 1427 4184 semper
1451 4111 1552 4181 prae·

463 4197 570 4250 sentes
591 4197 709 4270 essent,
731 4205 768 4253 ae
799 4207 928 4280 semper
952 4184 988 4254 in
1014 4210 1211 4282 unaqueque
1233 4188 1366 4280 regione
1395 4183 1437 4254 nd
1465 4181 1552 4258 fidei
