3575 5625
884 614 1136 687 .-254-

531 763 560 865 §.
587 762 644 834 vl.
682 760 748 835 Sed
777 762 942 835 Primatus
974 762 1101 836 indoles
1129 781 1162 834 et
1189 766 1271 835 rotio
1300 766 1334 834 in
1362 768 1475 861 primis
1505 770 1556 839 ef·

482 862 572 950 ficit,
614 877 651 931 ut
673 860 837 959 judicium
864 864 985 933 summi
1013 860 1183 933 Pontifiois
1223 864 1259 931 in
1289 860 1368 933 fidei
1409 888 1557 935 morum·

481 986 547 1056 que
572 959 691 1053 regulis
724 957 921 1030 definiendis
959 976 1086 1031 oertum
1130 958 1285 1031 omnibus
1321 985 1391 1031 esse
1420 959 1556 1049 debean

481 1057 563 1129 adeo
594 1072 632 1126 ut
661 1058 720 1153 qui
751 1056 792 1126 sb
823 1080 862 1128 eo
890 1057 1062 1130 damnatos
1100 1082 1226 1130 errores
1254 1061 1420 1154 sequitur,
1454 1058 1558 1131 haere-

480 1158 565 1225 tious
602 1150 771 1225 habeatur.
812 1154 898 1227 Num
931 1154 1081 1226 Christus
1120 1157 1303 1228 Primatum
1339 1158 1482 1227 instituit
1519 1157 1558 1226 sd

481 1256 640 1323 unitatem
685 1252 828 1327 ecclesie
871 1252 1126 1325 conservandum
1172 1269 1206 1323 et
1253 1251 1405 1323 Pontifex
1449 1280 1560 1326 omnes

482 1348 523 1419 ad
552 1348 701 1421 eumdem
740 1376 874 1441 seeum,
898 1353 1082 1447 presertim
1112 1355 1146 1422 iu
1187 1348 1274 1437 fide,
1303 1353 1462 1422 unitatem
1488 1355 1560 1450 jure

482 1446 647 1518 Primatus
677 1450 776 1542 cogit.
812 1447 847 1519 si
875 1450 946 1547 ejus
968 1447 1132 1546 judicium
1161 1450 1197 1518 in
1228 1448 1324 1518 rebus
1351 1447 1430 1519 fidei
1461 1451 1559 1520 errori

482 1546 646 1633 subesset,
682 1545 835 1635 ecelesia,
877 1568 953 1641 quae
985 1549 1109 1617 ratione
1142 1545 1305 1615 Primatus
1340 1543 1382 1614 ad
1413 1545 1559 1617 eumdem

481 1643 586 1715 fidem
637 1645 784 1739 cogitur,
837 1642 878 1711 ed
929 1643 1170 1713 assentiendum
1227 1644 1328 1713 errori
1371 1659 1558 1739 cogeretur,

482 1738 575 1839 quod
611 1755 698 1811 rorte
740 1740 811 1813 fieri
859 1766 929 1813 nou
963 1755 1082 1836 potest.
1117 1738 1228 1824 Quare
1255 1755 1312 1810 sut
1351 1766 1466 1811 rerum
1496 1766 1560 1811 nou

482 1855 554 1925 est,
588 1836 678 1935 quod
704 1863 803 1911 nemo
839 1836 1016 1909 catholicus
1049 1837 1186 1909 inficiari
1212 1852 1339 1935 potest,
1379 1842 1480 1909 totius
1506 1864 1560 1908 ec·

482 1936 586 2007 clesiae
622 1938 805 2032 presertim
838 1937 875 2005 in
912 1934 981 2005 fide
1019 1938 1179 2005 unitatem
1214 1960 1291 2005 oum
1326 1934 1415 2005 Petri
1442 1960 1561 2006 suooee

483 2031 609 2104 soribus
649 2032 814 2103 Primatus
844 2030 1036 2103 instituendi
1067 2057 1196 2103 causum
1225 2032 1342 2121 suisse,
1379 2049 1436 2103 uut
1479 2056 1562 2104 erro

484 2133 529 2199 ris
572 2153 686 2224 expers
724 2153 793 2201 esse
835 2128 935 2200 debet
996 2128 1133 2226 uidquid
1172 2155 1190 2198 a
1228 2154 1358 2201 summo
1401 2129 1561 2201 Pontifioe

484 2240 621 2323 propter
645 2228 777 2299 unitatis
809 2226 936 2299 bonum
971 2156 1134 2299 ‘definitur
1174 2246 1208 2297 et
1242 2225 1404 2324 quidquid
1443 2226 1488 2297 sb
1516 2252 1563 2299 oo

484 2320 579 2393 clesis
612 2326 779 2412 universa,
818 2348 893 2421 quae
931 2322 973 2392 ud
1011 2324 1095 2395 hene
1133 2328 1292 2395 unitatem
1331 2328 1479 2419 cogitur,
1519 2340 1563 2394 te·

484 2419 633 2491 nendum
660 2436 710 2491 est
737 2421 803 2517 (1).
828 2424 938 2519 Atque
965 2422 1010 2491 its
1039 2448 1115 2493 sone
1140 2437 1299 2519 perpetus
1329 2422 1475 2495 ecelesiae
1504 2420 1565 2492 dis·

486 2518 605 2615 eiplinn
624 2533 658 2588 et
688 2516 824 2589 Petrum
854 2544 1029 2591 consensus
1060 2519 1158 2591 dooet
1184 2518 1251 2615 (ἢ).

525 2716 567 2797 (Ι)
589 2715 730 2778 Praeolure
745 2718 776 2779 S.
792 2716 921 2779 Thomas
933 2736 1014 2781 rum.
1036 2716 1124 2781 theol.
1143 2720 1174 2781 2.
1197 2716 1388 2803 dquestr'on.
1407 2720 1418 2777 Ι
1447 2724 1512 2777 ort.
1529 2718 1562 2775 td

490 2825 504 2853 u
520 2800 584 2861 Uno
598 2796 688 2875 fidos,
704 2798 816 2878 inquit,
840 2798 928 2862 debet
942 2819 1005 2863 osse
1024 2801 1115 2863 totius
1132 2801 1259 2862 ooolosioe
1276 2798 1437 2861 secuudum
1454 2795 1559 2859 ittudt

485 2880 598 2945 Corint.
620 2883 654 2958 d,
676 2878 716 2941 Id
732 2879 834 2962 ipsum
854 2881 963 2946 dicatis
981 2900 1097 2959 omnes,
1119 2891 1149 2944 et
1160 2902 1222 2944 nors
1238 2881 1301 2944 sint
1320 2882 1353 2942 irs
1369 2878 1452 2942 uobis
1466 2877 1564 2942 schis-

485 2970 587 3024 mata:
599 2961 679 3042 quod
692 2965 802 3026 serrari
816 2982 876 3026 non
897 2973 1011 3044 posset,
1028 2965 1084 3026 uisi
1098 2965 1221 3044 questio
1242 2963 1313 3026 fidei
1334 2963 1373 3023 de
1391 2961 1452 3021 fide
1465 2969 1563 3023 exortu

484 3045 700 3108 determinetur
714 3063 767 3125 per
781 3061 865 3124 eum,
881 3050 933 3126 qui
956 3047 1010 3108 toti
1031 3047 1159 3110 eudesius
1173 3053 1295 3126 preest,
1318 3053 1351 3103 ut
1361 3043 1403 3104 sio
1416 3042 1484 3122 ejus
1498 3062 1564 3104 seu·

485 3130 606 3189 tentius
624 3135 683 3188 tots
705 3127 823 3189 eeclesia
838 3128 964 3190 firmiter
985 3137 1137 3204 teneatur3
1164 3136 1193 3190 et
1215 3127 1282 3187 ideo
1294 3125 1332 3186 sd
1347 3125 1439 3186 solum
1464 3134 1564 3185 sueto-
1661 3110 1662 3139 ¹

483 3211 601 3274 ritatem
616 3210 723 3270 summi
743 3209 892 3272 pontificis
910 3211 1039 3288 pertinet
1059 3227 1133 3271 nove
1157 3209 1249 3270 editio
1267 3206 1415 3288 symboli,
1434 3206 1515 3268 sieut
1536 3213 1564 3266 et
1661 3208 1662 3229 *

485 3291 584 3352 omnis
608 3288 679 3366 elia,
702 3309 768 3369 qum
788 3293 938 3370 pertinent
956 3291 995 3352 ed
1015 3299 1105 3352 tutum
1127 3291 1297 3367 eeclesiam,
1325 3297 1360 3349 ut
1383 3305 1564 3370 congregare

485 3371 632 3450 synodum
657 3372 824 3451 generalem
846 3381 876 3435 ot
899 3373 955 3435 eliu
969 3373 1151 3453 hujusmodi.
1176 3397 1189 3426 ι·
1218 3370 1345 3435 Consule
1365 3370 1564 3432 Momuehium

487 3453 555 3514 auti
577 3494 584 3510 .
609 3448 763 3514 christian.
790 3461 861 3514 tom.
886 3456 905 3516 5
926 3473 996 3536 ραν.
1029 3458 1043 3516 1
1088 3472 1137 3536 ug.
1159 3455 1198 3514 95
1216 3473 1278 3537 seq.
1301 3460 1330 3512 et
1355 3454 1415 3513 154
1436 3471 1517 3536 seq„
1538 3459 1566 3512 et
1660 3500 1661 3507 ,

486 3551 531 3614 ep.
554 3471 574 3594 i
599 3529 640 3593 od
652 3542 767 3594 auctor.
789 3554 870 3616 oper.
897 3534 978 3612 Quid
991 3474 1088 3598 ostii)

487 3614 568 3675 cord.
584 3614 701 3676 Orsium
716 3612 752 3676 de
765 3614 956 3698 irreformob.
980 3617 1066 3680 Rom.
1086 3618 1176 3680 Post.
1197 3618 1230 3678 iu
1243 3613 1332 3696 defin.
1350 3611 1406 3698 fid.
1429 3624 1563 3676 συκίνου.

479 3694 578 3779 judic.
605 3698 761 3757 Auctorem
787 3701 884 3778 operis
908 3700 1056 3760 Aveuione
1070 3697 1142 3760 editi
1166 3718 1215 3759 nn.
1242 3699 1399 3770 17473120
1421 3714 1566 3778 supremo

487 3775 619 3840 Romani
637 3777 793 3860 Pontificio
811 3779 989 3840 auctoritate
1009 3776 1156 3841 hodierno
1170 3777 1294 3842 ecclesie
1315 3775 1483 3840 Gallicane
1498 3775 1568 3838 doc-

488 3859 586 3934 trr‘uo5
601 3858 789 3919 Ballerinium
803 3859 841 3921 de
860 3860 897 3920 'ui
914 3879 950 3920 oe
972 3861 1087 3923 ratione
1108 3862 1239 3923 Primut,
1267 3863 1397 3922 Rumon.
1421 3856 1565 3955 Poetilio.

488 3941 836 4086 uetustus.
857 3938 1256 4108 uestitus
1277 3943 1377 4106 2223&
1393 3944 1568 4102 sustu

489 4107 599 4167 Esame
614 4101 693 4167 della
717 4121 788 4165 uera
815 4103 882 4166 ideo
906 4103 984 4168 dello
1006 4107 1037 4168 S.
1055 4103 1129 4169 Sede
1151 4127 1182 4168 u.
1213 4108 1254 4168 88
1275 4113 1304 4164 et
1329 4121 1391 4188 seq.
1406 4123 1473 4186 paq
1489 4105 1529 4165 55
1542 4109 1570 4162 et

491 4203 553 4271 seq.
569 4185 639 4250 edit.
655 4189 815 4252 Maturate
828 4188 919 4251 1788.

1081 3533 1210 3618 upa?§.
1237 3539 1275 3597 14
1299 3534 1562 3617 ιοηι.4ρα9.57ς
1660 3560 1661 3573 ¹
