3575 5625
645 635 863 705 -511-

222 781 354 854 Munere
383 809 409 855 a
444 808 559 855 manc
589 786 780 855 simoniacus
808 802 878 874 est,
911 788 968 883 qui
997 813 1046 858 res
1072 811 1176 860 sacras
1203 790 1284 859 emit

222 897 274 950 aut
315 879 427 953 vendit
466 883 621 979 pecunie,
660 884 753 980 cujus
791 885 924 955 nomine
964 888 1148 956 continetur
1182 886 1283 983 quid-

222 978 296 1076 quid
320 979 468 1052 homiues
497 981 533 1050 in
563 995 649 1051 terra
674 980 840 1077 possident
873 980 939 1076 (ᾖ).
979 981 1115 1054 Munere
1152 987 1199 1056 ab
1232 987 1287 1058 ob·

220 1082 331 1173 requio
364 1081 556 1150 simoniacus
594 1077 755 1166 babetur,
790 1080 847 1176 qui
880 1078 1097 1178 subjectione,
1136 1081 1188 1152 vel
1222 1107 1285 1154 ser-

221 1178 318 1248 vitute
350 1176 497 1248 indebite
531 1180 676 1273 impensa
708 1203 759 1249 res
791 1201 894 1248 sacras
933 1178 1060 1250 obtinet
1097 1178 1170 1274 (5)3
1210 1204 1285 1249 nam

221 1273 402 1370 hujusmodi
442 1273 635 1372 obsequium
670 1278 775 1373 pretio
808 1279 1000 1348 estimatur.
1037 1276 1187 1374 Denique
1217 1302 1287 1345 mu·

220 1397 293 1442 uere
322 1401 348 1445 a
378 1375 505 1472 linqua
534 1372 717 1444 admittitur
740 1376 897 1464 simonia,
920 1400 996 1447 cum
1030 1372 1111 1472 quid
1143 1375 1290 1471 spiritua·

219 1467 274 1559 lis,
298 1487 356 1542 aut
386 1473 498 1570 quasi,
531 1473 569 1543 iis
594 1470 709 1563 detur,
736 1498 796 1570 pro
830 1473 949 1570 quibus
981 1478 1165 1570 mrp'orum
1190 1477 1291 1568 quis-

214 1573 317 1663 piam
345 1575 519 1669 reparer-it
548 1571 614 1666 (d).
644 1568 745 1657 Quod
769 1570 851 1642 adeo
880 1596 992 1642 rerum
1022 1587 1091 1659 est,
1124 1587 1160 1641 ut
1187 1574 1289 1642 simo-

219 1669 326 1737 niacus
363 1668 449 1765 apud
480 1668 587 1738 Deum
609 1669 671 1755 sit,
692 1671 751 1764 qui
771 1667 872 1764 digno
894 1655 1028 1764 quidem
1047 1669 1204 1741 virorem
1226 1671 1289 1766 spi·

216 1764 369 1836 ritualem
395 1765 559 1854 attribuit,
585 1763 642 1835 sed
669 1783 780 1836 tamen
812 1768 936 1861 gratia,
967 1781 1023 1836 aut
1054 1783 1145 1837 metu
1175 1791 1289 1861 rugan-

215 1864 276 1951 116,
317 1888 387 1934 666
426 1888 486 1960 pro
528 1861 613 1933 iilius
653 1865 793 1951 merit03
833 1880 946 1934 contra
988 1865 1132 1935 simoniae
1174 1866 1290 1936 vitium

215 1959 329 2048 abest,
368 1987 444 2031 cum
488 1986 600 2060 preces
637 1964 859 2059 potentiorum
904 1977 1030 2033 tantum
1072 1978 1204 2034 movent
1236 1988 1290 2032 au-

214 2061 356 2128 tistitem
389 2058 428 2128 ad
463 2057 695 2230 ‘snpguirendum
728 2062 764 2130 in
799 2061 857 2130 riri
892 2063 1006 2131 merita
1042 2078 1075 2131 et
1110 2059 1186 2132 iude
1220 2085 1289 2131 non

216 2155 260 2225 ob
284 2181 427 2351 spuere&j
550 2157 593 2229 cb
620 2183 693 2228 vera
726 2159 839 2228 merita
871 2160 1055 2256 accipientis
1092 2155 1287 2230 beneficium

218 2279 281 2324 cun
299 2269 351 2324 ert
432 2309 439 2324 .

256 2419 298 2498 (i)
321 2421 396 2479 Cau.
420 2421 558 2500 tticup.
583 2423 720 2502 tqceat.
745 2421 779 2496 1,
802 2429 831 2481 61
845 2439 912 2482 curs.
935 2421 1077 2504 8puoert.
1101 2422 1130 2482 5.
1149 2419 1287 2482 Eamdcm

221 2500 293 2560 hanc
306 2502 480 2562 sententiam
494 2503 636 2579 expressit
654 2501 811 2564 concilium
829 2503 1063 2583 Aquisgranense
1077 2521 1125 2562 an.
1142 2504 1202 2562 816
1217 2521 1284 2564 eun.

222 2585 259 2642 58
280 2581 361 2661 apud
373 2582 520 2644 labbeum
538 2592 608 2645 tum.
628 2585 646 2643 9
666 2581 769 2645 666611.
792 2581 847 2646 cci.
870 2587 930 2646 116
937 2609 948 2662 ,·
966 2593 996 2646 61
1017 2583 1109 2644 66116
1126 2592 1193 2644 ante
1212 2583 1289 2643 divi-

221 2666 329 2725 sionem
346 2666 441 2743 ipsam
462 2663 584 2726 obscure
603 2666 701 2726 innuit
723 2669 754 2727 S.
786 2667 981 2747 Hieronymus
999 2665 1031 2726 in
1052 2667 1135 2748 epist.
1163 2661 1204 2726 ad
1228 2665 1288 2726 Tit.

222 2749 313 2844 cupi
340 2765 422 2808 vere.
450 2748 467 2807 t
491 2765 557 2829 opp.
574 2747 680 2808 tcm.⁷
703 2765 774 2829 par.
797 2751 811 2808 1
837 2745 891 2809 661.
913 2745 1033 2810 661661.
1059 2749 1162 2808 Venct.
1190 2747 1288 2824 1766,

219 2850 297 2910 cujus
309 2832 411 2892 locum
424 2830 564 2891 describit
580 2830 736 2893 Gratianus
751 2848 819 2891 666.
834 2833 853 2890 6
874 2848 941 2911 cap.
959 2833 978 2891 8
999 2838 1103 2973 guest.
1134 2832 1164 2892 1.
1182 2830 1288 2891 Conier

221 2915 303 2976 ctiam
326 2916 363 2977 S.
378 2912 522 2974 Thcmam
539 2912 572 2973 iu
593 2914 751 2974 tentent.
776 2909 846 2973 dist.
866 2913 906 2973 611
926 2932 979 2995 qu.

222 3003 322 3079 queat.
341 2996 408 3057 100
421 3002 482 3055 art.
505 2996 535 3056 6.

1034 2918 1092 2973 crt.
1117 2912 1151 2987 ὅ,
1173 2913 1290 2973 6162

259 3078 299 3158 (t)
320 3081 369 3139 lta
388 3076 519 3156 loquitur
533 3074 714 3155 Augustinus
731 3093 800 3136 cen.
818 3078 837 3135 6
858 3093 941 3137 6666.
960 3077 974 3136 1
992 3081 1096 3161 quaest.
1116 3076 1146 3135 5.
1168 3070 1214 3134 Ad
1238 3071 1293 3133 hcc
1417 3112 1421 3123 ·

221 3162 335 3239 quidem
363 3160 494 3221 simoniae
515 3168 607 3239 genus
626 3158 776 3237 pertinent
793 3175 858 3241 cap.
885 3160 919 3219 11
947 3165 975 3217 61
998 3158 1038 3217 20
1060 3154 1095 3217 de
1118 3154 1237 3231 simun,
1265 3162 1292 3215 et

222 3262 284 3325 cap.
299 3247 317 3306 6
331 3240 492 3323 depactis.
728 3230 738 3249 ⁸

258 3324 298 3406 (ὅ)
319 3326 374 3388 Sic
388 3323 545 3401 Grequrius
566 3326 605 3384 11.
628 3321 678 3382 cit.
702 3340 770 3383 666.
792 3323 862 3383 itt.
883 3320 977 3383 Aulioi
993 3318 1112 3401 quidum
1127 3318 1292 3381 6166161136-

222 3416 265 3468 tro
283 3408 430 3471 Damiano
449 3423 602 3485 suppares,
622 3405 691 3464 iicet
710 3403 849 3464 indebitis
866 3402 1015 3483 obsequiis
1037 3400 1175 3463 beneficia
1195 3402 1291 3464 inbia-

221 3498 299 3566 rent‚
323 3509 362 3551 se
387 3496 485 3547 tamen
508 3488 679 3547 simoniacos
699 3504 760 3545 nun
784 3484 1006 3562 existimabant,
1032 3484 1111 3563 quod
1136 3486 1289 3562 pecuniam

222 3591 278 3632 uon
294 3572 415 3634 darent.
436 3574 492 3631 Eos
509 3569 549 3629 ita
564 3566 753 3647 reprehendit
775 3570 879 3629 Petrus
900 3568 1057 3629 Dumianus
1073 3586 1118 3648 ep.
1139 3564 1179 3627 ad
1198 3569 1287 3649 episc.

222 3651 299 3716 curri.
323 3671 376 3737 ep.
399 3654 411 3713 1
435 3670 508 3733 pap.
529 3652 568 3711 tt
586 3668 654 3733 opp.
675 3646 722 3709 ed.
747 3650 848 3712 Puris.
874 3652 963 3711 1666.
998 3674 1010 3703 ιι
1028 3648 1082 3711 Dic
1100 3646 1189 3721 mihi,
1205 3667 1222 3709 c
1237 3649 1291 3711 cle·

221 3736 293 3815 ricc,
316 3734 454 3815 quisquis
471 3752 521 3809 es,
545 3732 570 3792 si
593 3732 745 3810 redempto
767 3731 897 3811 quolibet
917 3749 1006 3793 aureo
1032 3748 1114 3792 vase.
1141 3728 1186 3791 vel
1214 3750 1291 3810 pre-

223 3819 285 3895 dic,
312 3819 473 3879 distractor
493 3815 636 3896 exigeret,
662 3822 697 3875 ut
719 3815 826 3875 retenti
857 3814 936 3893 apud
958 3823 988 3874 tc
1019 3813 1081 3873 vice
1105 3812 1208 3891 pretii,
1233 3811 1291 3873 hu-

221 3901 344 3979 jusmodi
376 3900 433 3961 sibi
465 3897 627 3958 sedulitatis
653 3896 835 3974 impendium
858 3896 1029 3970 exhiberes,
1062 3892 1206 3972 numquid
1232 3912 1291 3953 non

224 3983 410 4061 postmodum
427 3986 592 4043 constanter
613 3997 770 4054 assereres,
791 3989 836 4051 te,
860 3979 940 4059 quod
958 3985 1106 4056 acceptum
1131 3983 1190 4046 cst,
1210 3974 1290 4053 justo

224 4067 315 4144 pretio
323 4064 526 4143 comparasse?
539 4088 552 4115 a
571 4062 646 4125 Vide
658 4060 746 4122 etiam
761 4064 791 4124 S.
807 4062 976 4123 AnseImum
991 4058 1074 4141 epist.
1093 4060 1131 4117 tt
1142 4072 1212 4135 pap.
1230 4057 1289 4115 583

225 4145 294 4208 edit.
318 4146 424 4209 Paris.
441 4146 531 4206 1676.
552 4148 640 4207 Recte
656 4145 746 4225 igitur
759 4154 847 4221 atquc
868 4142 1015 4221 sapienter
1031 4142 1062 4201 S.
1083 4134 1201 4227 Caroius
1219 4138 1292 4229 666-

224 4248 349 4294 romeus
382 4228 417 4290 in
452 4224 555 4290 mucii.
590 4223 755 4290 6166161611.
791 4227 830 4286 11
864 4232 955 4285 const.
982 4220 1098 4282 adsere.
1135 4232 1288 4281 66666166.
