3575 5625
634 726 779 797 -707
806 770 854 783 -

207 876 430 970 integritatem
472 877 618 947 animum
663 876 893 967 intenderent,
937 903 1125 977 erroresque
1162 905 1275 953 omnes

208 976 264 1042 rix
290 987 382 1044 natos
406 976 658 1070 comprimerent
682 990 715 1044 et
741 974 936 1071 repellerent
961 975 1029 1073 (2).
1061 978 1108 1047 ita
1137 981 1279 1053 instituti

207 1086 290 1141 sunt
316 1071 546 1167 inquisitores,
577 1074 733 1143 nimirum
772 1073 917 1169 probatae
955 1076 1081 1171 pietatis
1117 1092 1150 1145 et
1195 1078 1277 1149 doc-

208 1171 309 1241 trinae
346 1171 425 1259 riri,
475 1173 653 1268 praesertim
686 1196 725 1241 ex
761 1170 1047 1243 Dominiosnorum
1092 1173 1168 1271 (ὅ),
1221 1192 1277 1245 aut

207 1266 494 1341 Franciscanurum
548 1267 689 1359 familia,
730 1272 787 1367 qui
823 1272 938 1342 vicarie
973 1270 1155 1366 funguntur
1180 1298 1278 1371 opera

206 1366 294 1435 sedis
341 1366 533 1462 Apostolioe
580 1370 615 1437 in
668 1366 848 1439 avertendis
895 1366 1113 1467 tollendisque
1155 1374 1279 1443 errori-

207 1466 290 1555 bus,
313 1480 409 1562 atque
431 1468 467 1536 in
496 1462 563 1536 fide
594 1469 720 1563 integre
746 1482 780 1537 et
808 1467 963 1541 incolumi
994 1469 1224 1540 conservanda.

255 1612 300 1695 (1)
314 1613 514 1676 Innocentium
532 1618 572 1677 111
588 1623 656 1677 ente
673 1620 783 1677 exitum
800 1616 897 1678 seculi
916 1619 987 1690 1111,
1003 1617 1059 1678 hoc
1073 1624 1117 1679 est
1133 1635 1182 1679 ιιι.
1199 1620 1278 1681 1198

213 1696 396 1777 Ruynerium
424 1705 453 1757 et
476 1697 641 1761 Guidoueru
670 1698 701 1759 iu
727 1698 947 1762 Narbonensem
970 1700 1150 1778 provinciam
1171 1684 1209 1761 ud
1235 1720 1279 1761 re·

212 1778 382 1841 tundendos
401 1778 553 1841 hereticos
574 1779 683 1860 legatos
707 1781 820 1843 misisse
835 1788 947 1842 constet
970 1800 1007 1842 cx
1029 1781 1095 1864 ejus
1115 1801 1161 1863 ep.
1177 1784 1237 1843 itu
1251 1790 1280 1843 ct

216 1862 277 1923 ¹25
291 1858 343 1924 tu.
358 1864 379 1924 2
396 1870 466 1923 tom.
483 1859 786 1947 seductarum.
803 1864 874 1924 170.
891 1866 984 1939 Quam
1004 1872 1103 1924 satem
1114 1862 1153 1925 ob
1163 1882 1279 1925 causum

213 1942 383 2023 hujusmodi
404 1944 538 2007 homines
551 1962 616 2006 cnm
629 1944 759 2026 delegata
772 1943 945 2007 auctoritate
956 1946 988 2005 ia
1001 1947 1135 2028 regiones
1147 1946 1279 2007 mitteret

213 2026 301 2086 sedes
324 2027 504 2107 Apostolica,
532 2034 567 2087 ut
590 2027 659 2089 socii
684 2028 855 2089 amedsreut
879 2027 1034 2107 episeopis,
1058 2029 1110 2107 qui
1130 2028 1277 2089 ordinaria

212 2108 385 2171 auctoritate
406 2108 608 2189 potiebantur,
623 2110 782 2171 ostendunt
802 2108 963 2173 innocentii
984 2112 1025 2173 111
1044 2110 1151 2171 littere
1163 2110 1201 2171 sd
1215 2112 1279 2172 Cis·

211 2190 370 2253 tercieuses
383 2191 463 2273 apud
476 2191 705 2269 uaniqueztum
720 2189 824 2253 cnud.
848 2192 1034 2288 Girtcreicus.
1050 2200 1121 2254 tom.
1138 2194 1202 2275 sp.
1216 2194 1277 2255 170

213 2273 1277 2435 ’1101110100ιο1011171011.....

209 2435 337 2497 siturum
358 2437 444 2516 fidei,
460 2446 641 2517 compertum
660 2438 796 2500 omnibns
813 2442 868 2501 est.
890 2441 964 2503 Nam
985 2458 1086 2501 earum
1108 2457 1177 2500 cura
1191 2447 1220 2499 et
1234 2440 1277 2501 di·

208 2517 334 2599 ligentis
359 2528 418 2597 est,
439 2529 473 2583 ut
495 2520 603 2581 sensim
618 2522 927 2599 postannum1500,
955 2520 1117 2583 decreverit
1139 2521 1172 2581 in
1194 2522 1277 2596 ltalia

209 2602 387 2679 cumprimis
401 2610 542 2663 sectarum
556 2601 740 2682 pestilentia,
756 2621 851 2682 neme
864 2604 943 2665 nulla
957 2604 1081 2683 amplius
1100 2612 1151 2663 rut
1163 2611 1276 2664 vetusta

209 2682 336 2743 haeresis
349 2683 426 2763 apud
446 2684 530 2746 iulos
542 2683 654 2745 radices
668 2686 775 2765 egerit,
789 2686 833 2745 uti
844 2685 977 2747 observat
991 2684 1167 2747 muratorius
1178 2686 1274 2767 antiq.

207 2761 313 2831 Ituis'r.
328 2763 444 2829 driscrt.
466 2769 518 2830 00.
542 2768 649 2829 iliram
663 2765 733 2828 hinc
752 2766 846 2830 videri
866 2786 925 2828 non
940 2766 1042 2844 debet,
1061 2767 1139 2846 qnod
1154 2764 1210 2828 hoc
1220 2768 1276 2830 tri-

207 2848 302 2908 bunal
321 2848 394 2910 adeo
408 2850 445 2910 sit
462 2851 590 2911 invisum
614 2849 775 2926 hereticis,
790 2867 916 2926 quorum
939 2867 1053 2910 errores
1074 2859 1104 2910 et
1125 2848 1276 2912 sudreiam

207 2930 389 3010 comprimit.
415 2931 492 2993 Vide
515 2931 699 2994 Ricchinium
723 2931 756 2991 in
779 2931 851 2993 Veri.
871 2932 1023 2992 Monetam
1042 2928 1116 2994 diss.
1138 2932 1153 2991 1
1174 2933 1274 3013 rapi

209 3011 239 3094 5.
257 3014 346 3096 dscq.
357 3032 434 3110 paq.
451 3015 485 3075 51
501 3011 570 3075 adit.
583 3015 684 3076 Rornae
695 3013 785 3074 1715.

251 3094 294 3176 (ὅ)
308 3097 379 3170 Quis
401 3095 513 3176 primus
533 3096 689 3174 inquisitor
706 3095 796 3156 fuerit
817 3114 834 3155 a
851 3111 966 3156 summo
980 3092 1120 3155 Pontifice
1133 3096 1276 3155 eonstitu-

209 3185 276 3251 tus,
301 3176 444 3239 incertum
458 3185 735 3256 controversumque
748 3184 801 3239 est.
825 3175 883 3238 nui
896 3194 964 3237 cum
977 3175 1193 3253 Mauriquezio,
1210 3177 1275 3238 Cis·

208 3258 384 3322 munium
409 3257 574 3322 tenutam
595 3261 751 3339 scriptore,
770 3277 878 3320 munus
899 3257 956 3320 troc
979 3257 1164 3318 commissum
1185 3259 1275 3320 inisse

207 3342 339 3419 primum
354 3341 521 3404 existimant
539 3341 688 3432 monachis
700 3340 876 3421 quibusdam
889 3340 953 3420 eius
968 3339 1096 3416 ordinis,
1111 3341 1274 3419 presertim

208 3440 282 3484 vcro
303 3424 446 3493 Arnaldu,
462 3427 496 3487 B.
521 3427 607 3485 Petro
629 3423 667 3485 de
684 3427 873 3496 castronovo,
889 3431 920 3484 et
944 3421 1101 3500 Rodulpho
1113 3441 1166 3484 on.
1193 3425 1273 3486 tuot

207 3506 372 3566 limacentii
401 3509 441 3570 111
467 3507 648 3580 anctoritate.
673 3508 779 3572 Contra
805 3505 854 3568 alii
883 3514 968 3579 suut,
996 3505 1049 3584 qui
1076 3523 1144 3566 cum
1166 3507 1274 3569 Jcoobo

206 3585 343 3649 Eeherdu
361 3586 397 3649 de
415 3587 514 3671 script.
537 3585 666 3650 Proedia.
694 3596 765 3649 tom.
787 3588 800 3648 1
828 3605 902 3670 pop.
922 3590 963 3650 08
982 3585 1030 3648 cd.
1051 3587 1154 3649 Puni.
1173 3591 1271 3666 1719,

206 3675 325 3730 tantum
347 3671 522 3751 adrogorio
546 3673 587 3733 tx
605 3689 656 3731 an.
680 3671 760 3732 1252
780 3687 887 3732 munus
908 3678 939 3731 et
960 3687 1067 3731 nomen
1091 3669 1273 3749 inquisitoris

206 3749 394 3827 institutum,
415 3771 449 3814 sc
472 3753 599 3832 primum
620 3751 658 3813 ad
683 3754 798 3814 Fratres
819 3751 885 3814 ord.
908 3752 1003 3832 praed.
1031 3750 1162 3812 delatum
1183 3752 1274 3816 inisse

206 3833 402 3894 arbitrantur.
432 3834 612 3896 Bollandiani
636 3834 718 3894 litem
746 3833 802 3895 hoc
827 3833 916 3896 modo
937 3832 1076 3896 dirimere
1099 3833 1270 3913 volucrunt,

205 3916 321 3994 aientes
333 3917 472 3977 nimirum
494 3917 639 3978 veriorem
654 3933 715 3978 esse
728 3913 853 3978 Echardi
870 3917 1044 3978 munium
1060 3915 1086 3978 si
1102 3914 1141 3976 de
1152 3917 1272 3978 nomine

207 3998 273 4078 ipso
283 3998 462 4075 inquisitoris
476 4005 638 4076 queretur,
654 4004 754 4060 contre
770 3999 876 4062 verosi
892 3998 1013 4078 questio
1025 3998 1064 4059 sit
1080 3995 1118 4057 dc
1131 4004 1272 4076 potestate

206 4081 379 4158 inquirendi
395 4079 608 4156 inhaereatur,
629 4081 661 4140 in
682 4099 739 4158 qus
761 4086 856 4142 totum
875 4089 920 4142 est
938 4081 1067 4160 positum
1087 4077 1216 4140 officiam
1238 4097 1272 4140 aa

205 4162 337 4244 dignitas
359 4161 554 4240 inquisitoris,
580 4161 708 4224 dubitari
727 4179 899 4241 nonpnsse,
923 4163 994 4241 quin
1019 4162 1150 4241 primum
1162 4161 1272 4222 (lister-

204 4245 320 4306 cicmes
340 4253 500 4322 'posteaque
526 4247 558 4306 S.
573 4245 742 4308 Dominicus
760 4260 795 4304 eo
813 4261 937 4305 munere
954 4244 1047 4305 iuncd
1066 4242 1136 4302 sint.
1159 4244 1271 4304 Verum

206 4327 318 4388 eruditi
334 4325 491 4387 Annalium
504 4327 569 4388 ord.
586 4327 677 4408 pred.
700 4325 854 4406 scriptores
875 4323 927 4386 ud.
943 4343 1015 4386 cun.
1036 4323 1115 4387 1207
1128 4342 1215 4386 uum.
1231 4328 1273 4393 rs

309 4433 385 4478 rou.
415 4433 449 4478 ιι.
1127 4405 1173 4475 id
