3575 5625
676 669 898 742 -rts-

296 819 326 920 ς.
366 818 422 889 ΙΙΙ.
471 815 638 889 Generalis
690 822 857 916 suspensio
902 836 972 888 tum
1025 816 1192 908 officium,
1250 834 1323 890 tum

244 919 444 989 beneficium
470 916 719 1014 complectitur,
751 921 874 1015 quique
906 943 943 988 ea
968 940 1065 1014 poena
1095 915 1228 987 affectus
1254 933 1322 1004 est,

246 1039 384 1104 eorum,
439 1040 515 1110 quae
561 1014 604 1084 ad
650 1015 845 1085 alterutrum
922 1019 1086 1102 ertinent,
1117 1013 1322 1110 'quidquam

246 1139 342 1208 agere
376 1128 432 1182 eut
468 1113 628 1206 attingere
660 1111 865 1208 prohibetur.
894 1041 962 1184 bed
1004 1107 1170 1182 interdum
1209 1111 1325 1208 aliquis

246 1226 376 1282 tantum
405 1235 466 1305 pro
494 1225 586 1306 parte
621 1209 830 1306 suspenditur
863 1226 897 1280 et
925 1213 952 1280 is
983 1208 1117 1305 quidem
1154 1234 1215 1297 ea,
1247 1213 1325 1304 qui-

246 1309 309 1378 bus
351 1309 381 1377 ei
416 1307 629 1378 interdictum
677 1323 744 1396 est,
795 1333 908 1402 gerere
949 1309 1085 1405 nequit,
1131 1331 1200 1377 non
1247 1309 1325 1376 item

247 1405 393 1502 reliqua3
420 1403 522 1475 veluti
557 1407 584 1474 si
610 1407 682 1500 quis
711 1405 893 1502 prohibitus
925 1407 967 1476 sit
995 1404 1208 1476 consessiones
1238 1407 1326 1473 exei-

246 1528 341 1600 pere‚
372 1504 399 1572 is
433 1519 522 1573 reete
549 1517 675 1573 exercet
711 1520 837 1592 cetero,
869 1527 946 1600 quae
975 1503 1193 1599 suspensionis
1228 1525 1326 1597 poena

247 1599 481 1698 comprehensa
514 1625 581 1672 non
611 1615 700 1670 sunt.
734 1597 911 1697 Suspensio
939 1600 1009 1671 haee
1032 1601 1207 1697 partialis
1241 1597 1327 1667 diei-

250 1713 324 1787 tur,
369 1701 422 1769 eui
462 1699 571 1794 plena
607 1723 663 1767 seu
701 1701 877 1796 perterrebit
916 1703 1107 1795 opponitur.
1145 1696 1204 1766 Est
1246 1697 1326 1764 item

247 1797 417 1891 suspensio
453 1809 613 1892 perpetua
646 1819 684 1865 ae
715 1799 930 1892 temporaria3
967 1793 1021 1865 itta
1061 1793 1216 1864 clericum
1248 1817 1327 1889 per·

248 1908 369 1988 petuo,
387 1891 472 1962 salva
502 1908 614 1964 temen
650 1891 827 1988 dignitate,
852 1919 885 1964 .a
929 1894 1024 1963 saeris
1056 1893 1171 1962 officiis
1212 1892 1329 1962 exelu-

249 1989 317 2078 dit,
360 1989 433 2062 haee
468 2006 598 2062 tuntum
642 1989 683 2060 ad
727 2007 852 2063 certum
904 2007 1051 2086 tempus,
1105 1989 1188 2059 ultra
1234 1987 1326 2084 quod

248 2111 349 2183 poena
382 2112 450 2158 non
479 2088 657 2185 profertur.
694 2087 826 2174 Quaeris
857 2104 967 2160 autem
1005 2089 1194 2183 suspensio,
1233 2087 1327 2154 sicuti

248 2187 563 2276 excommunicatio,
590 2182 648 2264 ,rel
682 2184 777 2276 latae,
806 2185 857 2255 vel
885 2183 1030 2257 serendae
1058 2187 1229 2256 sententiae
1257 2199 1324 2268 est,

250 2307 390 2379 quarum
441 2283 541 2354 altera
571 2284 656 2377 juris
708 2286 899 2358 auctoritate
957 2285 1027 2378 ipso
1078 2281 1181 2371 facte,
1227 2279 1326 2352 altera

244 2379 365 2478 judicis
387 2384 548 2452 sententia
573 2384 746 2475 irrogatur.

298 2477 329 2578 ς.
374 2477 433 2547 tv.
482 2475 582 2552 Nulla
632 2481 801 2575 suspensio
833 2483 903 2551 sine
945 2496 1038 2551 eausa
1081 2477 1215 2549 serenda
1255 2493 1325 2564 est,

249 2601 449 2673 quamquam
476 2601 514 2648 ea
541 2600 610 2648 non
644 2579 689 2646 ita
718 2602 848 2672 gravem
883 2580 1028 2673 requirat
1056 2576 1209 2672 eulpam,
1239 2601 1324 2670 que·-

250 2672 316 2744 lem
356 2674 666 2745 excommunicatio·
684 2687 784 2769 atque
814 2673 1028 2744 interdictum
1057 2674 1224 2771 postulant
1254 2673 1321 2766 (i).

250 2769 336 2857 Quse
368 2795 462 2843 eausa
486 2769 698 2870 exprimenda
724 2772 831 2843 estin
862 2775 1013 2868 seriptis,
1047 2773 1082 2843 in
1111 2771 1229 2868 quibus
1254 2795 1327 2840 sus-

248 2871 363 2965 pensio
398 2868 557 2963 infligitur
588 2868 664 2964 (ῆς
708 2894 820 2939 verum
862 2872 898 2939 in
946 2869 1208 2964 suspensionibus
1251 2868 1327 2937 latae

249 2969 420 3037 sententiae
449 2965 501 3037 lex
531 2969 599 3063 ipsa
625 2965 747 3064 judicis
775 2968 876 3035 instar
904 2982 951 3036 est
986 2966 1052 3062 (ὅ).
1085 2965 1141 3035 Est
1172 2980 1281 3034 autem
1311 2990 1329 3033 a

251 3063 388 3159 praelato
426 3062 559 3135 serenda
591 3066 764 3161 'suspensio
809 3078 938 3134 tantum
975 3064 1011 3132 in
1043 3086 1116 3132 suos
1159 3059 1325 3147 subditos,

251 3176 350 3256 atque
383 3160 424 3229 ab
461 3187 528 3233 uno
556 3164 708 3259 episeopo
746 3186 918 3258 suspensus
949 3175 1118 3256 tamquam
1151 3184 1325 3254 suspensus

250 3256 291 3327 ab
319 3258 471 3328 omnibus
508 3258 676 3330 habendus
715 3274 786 3349 est,
826 3257 931 3329 donee
964 3256 1108 3352 legitime
1140 3282 1157 3326 a
1191 3260 1325 3353 proprio

251 3358 403 3452 episeopo
423 3356 620 3427 absolvatur.

293 3502 336 3583 (1)
350 3503 476 3565 ciericos
485 3503 524 3564 ob
538 3504 638 3584 culpas
649 3522 709 3565 non
723 3506 763 3567 ita
776 3524 880 3587 graves
889 3521 1044 3585 suspensus
1057 3504 1159 3581 fuisse,
1171 3512 1284 3564 oonstat
1294 3523 1329 3564 ex

252 3586 375 3645 oonsilio
391 3586 555 3663 Epaunensi
570 3605 638 3647 eon.
653 3589 674 3647 t
688 3594 759 3648 tom.
779 3592 796 3649 11
811 3584 916 3650 concil.
935 3584 991 3649 eol.
1009 3588 1068 3648 711
1083 3584 1194 3647 cottae.
1208 3585 1327 3647 labbei.

294 3666 336 3747 (1)
359 3670 432 3749 Cep.
461 3671 474 3727 1
500 3663 536 3728 de
559 3675 684 3729 sentent.
711 3687 822 3730 excom.
844 3670 877 3731 in
900 3671 929 3730 6.
947 3668 981 3731 ld
1004 3686 1074 3730 tero
1098 3667 1195 3729 loeum
1220 3668 1328 3745 habet,

253 3749 372 3826 quando
385 3749 536 3828 suspensio
547 3749 680 3811 adhibita
691 3750 823 3828 judieiaii
839 3751 980 3812 methodo
993 3750 1151 3830 infligitur.
1168 3752 1232 3813 Non
1250 3752 1329 3809 enim

254 3829 429 3908 prohibetur
450 3831 603 3910 episeopus
619 3832 658 3892 ob
675 3850 775 3893 causas
799 3833 855 3894 sibi
874 3840 973 3908 notas,
994 3850 1060 3910 quae
1080 3833 1111 3892 in
1125 3833 1189 3894 soro
1209 3840 1330 3891 externo

254 3928 290 3971 ex
301 3912 372 3971 actis
380 3911 544 3990 judiciariis
553 3914 677 3973 minime
691 3921 807 3993 petent,
818 3914 1039 3993 suspensionem
1051 3912 1201 3992 infligere,
1218 3920 1248 3970 et
1260 3930 1329 3972 rero

253 3992 371 4069 elerici,
397 3992 540 4071 quilinio
565 3995 691 4074 episeopi
713 3997 852 4057 mundato
875 4013 935 4056 non
965 3994 1185 4074 obtemperant,
1212 3992 1349 4072 irregu-.

252 4075 330 4133 lares
342 4074 481 4134 evadunt.
495 4076 579 4150 Quod
594 4077 715 4154 quidem
730 4084 958 4138 eonsentaneum
974 4085 1018 4136 est
1032 4074 1199 4138 Tridentini
1214 4074 1328 4134 eoneitii

253 4154 368 4234 legibus
383 4154 416 4215 in
429 4174 497 4236 cop.
521 4158 535 4217 1
554 4175 627 4220 sete.
649 4160 688 4219 15
707 4157 744 4220 de
765 4155 886 4240 resonat.
911 4156 1036 4220 Consule
1050 4154 1240 4218 benedictum
1259 4158 1328 4219 XIV

255 4234 291 4296 de
301 4234 407 4318 synod.
421 4235 533 4300 daero.
549 4235 602 4301 tit.
620 4242 657 4301 12
670 4258 738 4321 cap.
754 4241 870 4300 snum.
887 4241 925 4319 ὅ,
942 4242 981 4316 t,
996 4240 1025 4299 5.
