3575 5625
690 577 911 649 -219-

257 719 381 797 Bacch,
404 721 484 801 apud
505 723 706 783 Constantium
727 724 812 806 epist.
835 723 948 806 Pontis.
970 727 1097 786 Roman.
1127 725 1182 787 col.
1209 727 1333 798 151,11
1509 763 1515 769 -
1537 790 1540 795 ,

257 805 288 864 iu
314 800 426 885 diolop.
453 822 522 864 cum
543 805 731 881 Constantio,
754 806 832 885 apud
857 807 995 868 cumdem
1019 826 1105 867 cuna.
1135 811 1150 868 1
1172 804 1228 868 111.
1257 811 1329 869 sat.
1443 851 1464 893 ·.
1581 810 1585 817 ·

257 886 315 965 lpsi
330 885 420 951 1111111
442 886 543 946 Ariani
561 886 708 965 principes
721 884 797 947 hanc
813 888 940 948 ecclesia
950 887 1184 966 jurisdictionem
1198 890 1229 949 in
1239 890 1334 949 causis
1423 944 1427 951 .

257 966 393 1027 civilibus
405 974 434 1026 et
448 966 650 1027 criminalibus
663 977 857 1050 agnoverunt.
871 972 945 1031 Nam
957 968 1155 1031 Theudoricus
1167 969 1331 1032 Gothorum

256 1066 309 1109 rex
323 1048 548 1109 calumniatores
567 1050 730 1129 Augustani
745 1052 888 1131 episcopi,
910 1052 1050 1129 quoniam
1064 1059 1147 1110 erant
1165 1051 1278 1128 clerici,
1295 1051 1334 1111 ad
1447 1080 1451 1087 ·

256 1128 506 1190 mediolanensem
526 1130 695 1210 episcopum
716 1131 890 1210 judicandos
915 1132 1012 1209 misit,
1028 1132 1107 1210 apud
1131 1133 1334 1194 cassiodorum

257 1208 307 1271 tio.
335 1212 347 1270 1
376 1213 476 1273 11111
503 1210 589 1294 epist.
607 1214 625 1272 9
644 1232 705 1295 pop
720 1215 738 1273 7
754 1212 800 1275 ed.
814 1210 994 1296 liothomnqi
1013 1214 1109 1287 1679,
1133 1216 1335 1291 Romanosque

258 1292 378 1353 clericos
401 1299 516 1354 actione
530 1300 594 1353 tum
608 1294 702 1370 civili,
716 1300 780 1355 tum
802 1295 949 1356 criminali
964 1295 1043 1373 apud
1065 1298 1229 1356 Romanum
1258 1298 1336 1355 Pon·

259 1372 385 1451 tihcem,
397 1374 442 1434 vel
454 1374 585 1453 judicem
599 1374 636 1435 ah
649 1392 683 1437 eo
697 1375 797 1437 dutum
807 1421 816 1452 ,
828 1377 939 1455 pulsari
951 1376 1045 1437 voluit
1058 1374 1243 1437 Athalaricus
1255 1375 1335 1453 apud

260 1454 399 1515 eamdem
419 1455 623 1517 cassiodorum
645 1454 695 1518 tio.
718 1459 823 1519 8tom.
849 1461 863 1519 1
886 1457 973 1551 epist.
990 1459 1030 1519 hl
1049 1475 1121 1539 pop.
1138 1458 1197 1518 teo
1214 1454 1261 1517 cd.
1281 1456 1331 1517 cit.

260 1536 346 1611 Quod
368 1538 391 1597 si
404 1535 562 1615 aliquando
582 1537 679 1599 clerici
701 1538 779 1617 apud
792 1540 879 1600 laicos
890 1539 1005 1617 Jndices
1026 1546 1147 1618 propter
1159 1540 1271 1615 crimen
1284 1556 1335 1598 ac·

261 1618 350 1677 cnsati
373 1626 460 1692 sunt,
488 1618 520 1679 id
543 1619 663 1697 quidem
686 1620 794 1699 injuria
821 1638 855 1681 ac
875 1638 929 1699 per
951 1622 1012 1681 vim
1037 1621 1148 1680 iactum
1174 1628 1235 1694 est3
1261 1620 1333 1697 quin

220 1772 224 1783 ,
261 1699 348 1760 etium
374 1699 525 1759 interdum
539 1700 636 1761 clerici
650 1721 666 1761 1
681 1700 752 1761 laica
770 1708 913 1780 potestate
935 1700 1077 1762 auxilium
1098 1701 1263 1779 petierunt,
1277 1719 1337 1760 non

262 1789 293 1839 ut
312 1782 376 1859 ipsa
387 1779 533 1858 judicium
547 1783 653 1859 semet,
668 1782 720 1842 sed
745 1792 777 1842 ut
790 1782 917 1843 alienam
941 1784 1137 1843 temeritatem
1157 1782 1186 1841 ri
1204 1780 1336 1841 adhibita

261 1870 423 1937 coerceret,
448 1872 535 1940 atque
549 1870 583 1923 ut
597 1872 794 1943 repugnantes
808 1863 844 1924 nd
860 1863 1025 1941 parendum
1038 1864 1168 1924 ecclesias
1184 1862 1337 1923 sententiis

261 1951 388 2023 cogeret.
406 1946 613 2006 Constantinus
626 1946 785 2023 imperetur
799 1946 888 2005 exilio
908 1946 1061 2005 mulctavit
1074 1948 1106 2006 S.
1121 1944 1336 2019 Athanasium,

262 2024 505 2105 proptereaquod
531 2044 600 2087 eum
625 2027 937 2105 ecclesiasticojndicio
950 2026 1122 2087 damnatum
1135 2026 1265 2105 putavit,
1290 2027 1337 2085 cui

262 2124 292 2165 se
329 2124 416 2167 arere
440 2114 576 2185 oportere
593 2108 752 2183 intellexit,
771 2109 856 2169 sicuti
885 2116 1011 2171 testatur
1031 2112 1209 2170 sozomenum
1230 2104 1336 2167 histor.

316 2206 357 2249 es.
376 2184 468 2248 tien
494 2207 560 2271 cop.
587 2187 868 2271 1811181111.
901 2187 1073 2272 Centobrip.
1106 2191 1196 2249 1720.
1224 2191 1336 2250 Verum

262 2270 321 2348 ipse
336 2268 529 2331 ecclesiastico
550 2270 662 2349 jndicio
676 2272 777 2332 habito
797 2270 975 2347 Antiochia,
995 2275 1111 2347 Rome,
1133 2270 1276 2344 Serdica,
1288 2269 1337 2328 ah

261 2351 373 2412 solutus
396 2351 468 2430 init,
498 2351 578 2429 qnod
602 2353 664 2431 ipse
692 2352 867 2415 Athanasius
894 2351 1013 2494 upotop.
1042 2361 1140 2413 ccutr.
1167 2351 1276 2413 Arion.
1304 2351 1338 2410 in

259 2432 359 2513 princ.
383 2450 454 2515 opp.
480 2436 581 2494 111111
605 2452 679 2516 pap.
703 2436 741 2495 97
757 2444 784 2495 ct
812 2437 852 2495 118
876 2432 947 2495 edat.
998 2434 1094 2495 utooii
1117 2434 1167 2495 cit.
1191 2435 1261 2493 sctis
1275 2450 1337 2493 esse

262 2512 364 2588 docet,
384 2523 417 2573 ut
430 2516 527 2575 omnis
549 2517 746 2577 controversie
763 2516 850 2595 plane
873 2516 958 2577 linita
972 2514 1126 2576 hahentur.
1151 2514 1270 2576 Crimen
1283 2532 1338 2573 an-

263 2602 324 2655 tem
335 2593 493 2657 Athanasio
507 2595 670 2675 objectum,
685 2616 745 2658 non
757 2598 999 2674 ecclesiasticum,
1022 2596 1074 2657 sed
1088 2597 1164 2656 laste
1179 2595 1338 2673 majestatis

261 2684 343 2754 erat,
357 2676 390 2737 in
417 2676 496 2754 qnod
518 2696 579 2756 pra
593 2679 697 2739 ceteris
721 2680 881 2758 imperator
897 2678 1192 2741 animadvertendum
1207 2684 1335 2753 putarat.

260 2758 334 2820 Nulo
350 2775 413 2819 esse
433 2757 538 2840 longus
555 2759 586 2821 in
602 2761 789 2822 recensendis
812 2760 970 2840 exemplis,
993 2778 1121 2839 quornm
1141 2758 1340 2819 ecclesiastice

261 2839 394 2902 historice
405 2839 589 2919 plcnmsunt.
606 2846 733 2904 Tantum
747 2841 1053 2920 indicahcjudicium,
1072 2841 1153 2919 qnod
1164 2839 1338 2901 sanctissimi
1461 2901 1464 2906 ,

259 2923 389 3002 episcopi
404 2922 551 2983 dederunt
567 2924 604 2984 de
619 2926 722 2996 ltacio,
737 2926 788 3003 qui
810 2925 1007 2985 accusationes
1023 2923 1164 3000 adversus
1183 2919 1340 2983 Priscillia-

259 3023 332 3066 num
357 3010 388 3064 et
408 3003 582 3065 laetantium
604 3006 641 3066 ud
665 3006 772 3066 laicum
794 3005 959 3084 principem
982 3004 1139 3064 detulerat.
1159 3005 1252 3063 Porro
1270 3017 1338 3060 eum

259 3085 433 3166 gravissime
455 3087 660 3164 improbarunt
684 3089 715 3148 S.
743 3087 887 3148 llartinus
914 3085 1109 3158 Turonensis,
1133 3083 1183 3160 qui
1212 3097 1281 3140 cum
1305 3097 1340 3142 co

261 3168 385 3246 ejusque
404 3168 489 3228 sociis
504 3187 653 3246 uunquam
675 3168 892 3228 communicare
905 3166 1017 3242 voluit,
1032 3173 1066 3225 ut
1079 3170 1204 3224 testatur
1215 3165 1341 3225 Severus

260 3248 409 3328 Sulpicius
419 3245 507 3309 tim
531 3267 617 3310 uum.
646 3251 685 3310 50
700 3259 770 3310 mm.
787 3251 807 3311 2
827 3267 901 3331 puy.
929 3250 989 3309 265
1004 3254 1034 3308 et
1056 3242 1130 3307 dict.
1156 3246 1175 3306 5
1198 3247 1341 3306 1111112

262 3340 333 3392 tora.
354 3332 368 3390 1
401 3347 469 3412 opp.
494 3349 567 3412 pap.
594 3333 654 3392 110
676 3329 724 3392 cd.
745 3333 851 3394 Veron.
872 3332 965 3392 1711.
982 3327 1124 3392 Similiter
1137 3326 1341 3408 'theognostus

261 3411 373 3490 aliique
386 3411 562 3472 sanctissimi
578 3414 705 3554 episcopi
730 3431 763 3472 ea
787 3413 825 3473 de
841 3431 926 3473 cuasa
942 3411 981 3472 ah
993 3412 1056 3490 ejus
1070 3408 1275 3471 communione
1294 3409 1342 3469 di-

261 3494 315 3554 visi
332 3501 420 3570 sant,
434 3494 480 3553 nti
492 3500 572 3571 patet
583 3511 618 3554 es
633 3513 667 3555 co
689 3513 737 3554 em
752 3495 880 3573 Sulpicio
899 3503 970 3556 tom.
989 3496 1003 3554 l
1027 3489 1081 3554 loc.
1098 3492 1167 3568 cit,
1185 3499 1215 3550 et
1229 3491 1260 3552 S.
1275 3491 1344 3550 Ana·

257 3575 572 3655 miuomilcaris.
592 3578 712 3658 liopp.
728 3584 797 3636 tom.
814 3578 916 3656 epcp.
939 3577 980 3636 811
995 3571 1341 3649 11.1’1111.1781,1111

259 3675 324 3718 sese
348 3655 522 3716 abstinuisse
547 3662 673 3717 testetur
695 3658 937 3718 acommunione
964 3657 1183 3736 episcoporum,
1206 3655 1342 3732 quicum

260 3737 400 3798 ltaciunis
425 3737 693 3814 communicabant3
716 3738 796 3798 idern
818 3756 936 3816 quoque
946 3738 1093 3816 judicium
1114 3737 1172 3796 luit
1197 3739 1228 3797 S.
1244 3733 1341 3798 siricii

260 3817 431 3893 Pontificis,
446 3819 488 3878 uti
501 3827 582 3897 patet
594 3838 629 3879 ex
643 3837 724 3882 conc.
743 3820 917 3882 Taurinensi
929 3821 1031 3892 coacti
1043 3827 1064 3879 t.
1082 3813 1168 3880 hcol.
1182 3811 1341 3878 seneroti.

259 3900 390 3975 hahhei,
406 3907 435 3959 et
461 3917 532 3961 vcro
556 3901 676 3976 itacius,
696 3900 777 3979 quod
804 3900 1022 3963 Priscillianum
1046 3906 1244 3973 accusaverat,
1276 3894 1342 3954 exul

260 3991 289 4040 et
303 3981 506 4042 ecclesiastica
516 3982 731 4043 communionis
744 4001 848 4062 expers
859 3982 997 4059 decessit,
1024 3981 1108 4041 sicuti
1126 3979 1271 4038 11111118.
1287 3975 1343 4035 lsi-

261 4060 404 4123 dorusdc
417 4061 474 4123 cir.
491 4060 603 4124 illantr.
620 4082 685 4146 ccp.
701 4065 740 4124 15
749 4083 822 4146 pop.
840 4066 897 4126 781
915 4061 986 4124 edit.
1005 4062 1108 4123 Poris.
1125 4061 1216 4120 1801.

302 4143 349 4226 (11)
364 4142 469 4206 1111111.
496 4147 593 4212 XVlll
612 4164 689 4208 vcra.
708 4147 747 4208 lt
762 4154 789 4207 et
805 4163 867 4228 sep.
893 4149 1032 4210 ceterum
1058 4141 1185 4204 ecclesia
1206 4139 1237 4199 in
1259 4155 1343 4203 coer·
