3575 5625
894 557 1113 628 -514-

469 711 653 877 episeoplin,Is
668 733 847 805 eorumque
877 710 1015 779 ministri
1045 705 1290 876 quidquanphin
1316 709 1412 778 esuris
1437 705 1537 820 ordi-

470 825 682 990 iiiiiiuiunti
710 821 1218 976 iiandiuiliioliiimiidrrdiiraeds
1249 821 1539 975 :poprzlopopppare

468 1018 632 1083 eramenta
666 1001 946 1074 administrantem
983 1000 1065 1074 nihil
1092 1004 1189 1078 etiam
1217 1001 1432 1101 eleemosynas
1458 1000 1538 1072 loeo

470 1101 604 1190 datum,
629 1104 773 1198 aeeipere
799 1100 901 1173 voluit
928 1099 995 1198 (5).

510 1263 553 1344 (Ι)
576 1265 738 1327 concilium
762 1265 972 1328 illiberitanum
996 1283 1063 1325 cun.
1091 1266 1131 1325 ts
1149 1262 1227 1344 apud
1254 1263 1399 1326 Lubbeum
1424 1262 1537 1326 wecil.

473 1350 573 1408 torui
597 1344 651 1408 ool.
681 1349 750 1409 tus.
773 1350 838 1424 Quo
860 1349 922 1408 loeo
941 1345 1155 1409 observandum
1180 1355 1222 1407 est
1245 1348 1366 1408 verbum
1392 1346 1465 1407 illud
1492 1348 1540 1406 υί-

471 1427 595 1504 dentur,
617 1447 676 1508 quo
691 1429 860 1492 illiberitani
874 1433 973 1492 Patres
997 1436 1137 1504 utuntur,
1161 1428 1298 1507 quodque
1314 1429 1457 1506 ostendit,
1471 1447 1538 1490 non

472 1511 598 1589 malum,
616 1512 669 1572 sed
685 1512 754 1573 mali
774 1513 898 1590 speeiem
919 1512 1021 1574 canoni
1044 1529 1159 1571 seusun
1186 1509 1311 1572 dedisse.
1334 1513 1445 1573 Verum
1471 1530 1537 1572 non

471 1593 572 1654 eudem
593 1594 703 1673 ubiqrre
722 1594 850 1655 obtinuit
870 1593 1032 1674 disciplina.
1056 1595 1122 1656 llon
1135 1612 1198 1654 eam
1218 1593 1457 1654 eonsuetudinem
1477 1613 1535 1654 sna

472 1677 644 1756 nuteapud
657 1681 771 1741 Greoos
791 1677 878 1737 luisse
892 1677 982 1738 tradit
1006 1677 1162 1757 Gregorius
1182 1675 1376 1738 Nazianzenus
1388 1684 1466 1736 orat.
1492 1679 1536 1736 tt)

473 1776 543 1840 opp.
569 1767 640 1820 tom.
665 1762 679 1821 l
706 1778 777 1842 pop.
796 1755 1058 1822 restituente
1080 1760 1174 1834 1690,
1201 1757 1252 1836 qui
1266 1777 1329 1819 eam
1352 1777 1411 1819 non
1429 1777 1536 1837 repre-

473 1838 593 1916 hendit,
607 1849 636 1901 et
658 1843 736 1903 idem
748 1841 836 1903 etiarn
849 1841 989 1922 seriptum
1008 1840 1126 1920 reliquit
1141 1839 1278 1902 Paulinus
1295 1860 1340 1924 ep.
1358 1843 1396 1901 52
1410 1860 1496 1902 num.
1515 1844 1536 1902 5

473 1919 530 1983 eol.
547 1925 605 1985 rot
618 1920 665 1983 ed.
693 1927 800 1986 Veron.
814 1925 905 1985 ¹756.
927 1925 1006 2000 Quin
1019 1923 1106 1983 etiam
1128 1923 1158 1982 in
1180 1923 1325 2001 ilispuuiis
1338 1922 1534 1984 Eliberitanus

474 2022 565 2066 anon
588 2024 647 2066 non
671 2007 724 2067 diu
746 2006 915 2068 observatus
937 2013 991 2066 est.
1017 2007 1091 2068 liam
1110 2004 1263 2065 eonsilium
1291 2010 1464 2066 Bramme
1489 2007 1533 2080 ll,

475 2087 539 2147 aliie
554 2090 595 2150 ΙΙΙ
609 2107 659 2148 an.
685 2090 744 2151 trs
761 2107 830 2150 ene.
856 2087 1137 2167 repudiantem
1159 2096 1227 2148 um.
1245 2087 1264 2146 6
1288 2106 1369 2150 eone.
1394 2085 1449 2148 eol.
1472 2089 1534 2148 580

475 2179 577 2310 spopte
589 2169 685 2312 phiala
703 2171 793 2250 ueoipi
805 2170 954 2250 permisit,
969 2187 1035 2250 quae
1048 2169 1209 2252 generatim
1229 2169 1318 2232 totius
1332 2169 1457 2231 ecclesie
1469 2167 1535 2230 dis-

476 2251 502 2310 ei
536 2252 582 2312 'na
605 2253 659 2313 uit.
1094 2312 1096 2316 Α

504 2268 556 2414 ΡΞ)
566 2335 725 2396 Concilium
739 2334 944 2396 'tridentinum
954 2351 1025 2396 sess.
1042 2335 1077 2394 il
1093 2353 1128 2394 ea
1152 2380 1159 2394 .
1176 2337 1190 2396 l
1206 2331 1241 2395 de
1254 2332 1374 2417 resonos.

528 2415 559 2496 5)
570 2417 677 2478 Confer
689 2415 838 2479 lulianum
851 2415 885 2476 in
894 2415 948 2477 oit.
960 2418 994 2478 S.
1011 2412 1115 2478 Caroli
1126 2353 1177 2479 io.
1193 2418 1212 2477 8
1226 2435 1291 2498 oup.
1304 2419 1336 2478 l.

522 2561 553 2662 ς.
585 2562 674 2636 Vlll.
706 2560 772 2635 Sed
790 2565 946 2661 quoniam
977 2562 1058 2634 nihil
1084 2578 1132 2636 est
1161 2581 1228 2634 tam
1247 2578 1415 2653 sunctum,
1440 2563 1532 2676 quod

475 2687 544 2732 non
579 2663 752 2734 hominum
781 2661 902 2732 malitie
933 2661 1087 2755 violetur,
1126 2665 1255 2734 intenta
1290 2679 1366 2732 sunt
1395 2687 1413 2731 e
1449 2687 1534 2758 qur-

474 2758 610 2833 busdam
648 2760 811 2834 inuoluere
851 2776 885 2833 et
923 2758 1040 2857 effugia
1083 2759 1251 2859 quaedum,
1298 2760 1412 2860 quibus
1460 2785 1535 2832 sese

475 2863 559 2957 ipsos
585 2886 734 2931 exeumre
763 2876 799 2932 et
833 2862 1024 2951 simoniam,
1054 2876 1092 2931 ut
1118 2860 1211 2955 vulgo
1235 2862 1417 2959 loquimur,
1454 2859 1536 2956 pul-

475 2960 566 3031 lt'ura
603 2977 774 3031 nouantur.
809 2958 892 3031 Num
932 2958 984 3029 ulii
1020 2984 1086 3031 sese
1124 2958 1309 3057 temporalia
1356 2957 1432 3029 dare
1475 2960 1536 3027 in·

477 3061 616 3155 quiunt,
649 3084 717 3131 non
742 3073 877 3157 propter
909 3060 976 3154 ipsu
996 3082 1082 3129 saera
1115 3060 1309 3147 ministeris,
1345 3056 1400 3127 sed
1429 3079 1536 3153 prop-

478 3174 529 3227 ter
569 3182 648 3257 opes
679 3174 713 3229 et
751 3155 894 3246 reditus,
919 3158 976 3252 qui
1011 3180 1049 3225 ex
1076 3158 1113 3226 iis
1144 3160 1387 3254 percipiuntur,
1418 3170 1452 3224 et
1476 3155 1536 3223 ulii

476 3254 599 3327 solvere
641 3282 675 3327 se
710 3257 880 3354 pecuniam
922 3254 1035 3325 dieunt
1069 3278 1136 3326 non
1181 3272 1346 3351 tamquam
1389 3253 1533 3351 pretium

477 3355 523 3421 rei
558 3354 751 3449 spiritualis,
799 3352 856 3424 sed
898 3369 1063 3450 tamquam
1109 3350 1316 3425 honorarium
1366 3367 1399 3423 et
1445 3368 1535 3421 um-

476 3476 577 3545 quem
600 3477 726 3522 euusem
758 3450 1001 3547 impellentem,
1037 3476 1095 3549 per
1125 3475 1223 3547 quam
1254 3450 1366 3548 aliquis
1388 3449 1428 3519 ad
1459 3475 1533 3521 rem

474 3548 672 3644 spiritualem
711 3547 951 3621 eonoedendam
997 3547 1184 3645 impellitur.
1236 3548 1302 3621 Sed
1342 3547 1437 3619 larrae
1477 3548 1536 3621 hae

474 3662 570 3736 sunt,
610 3647 728 3744 quibus
773 3648 891 3719 frustra
933 3649 1094 3721 simoniaci
1135 3664 1251 3743 tegrmt
1288 3645 1388 3719 scelus
1418 3672 1531 3719 suum.

475 3744 558 3817 Nam
591 3743 714 3818 reditus
758 3744 958 3819 ecelesiastici
999 3772 1086 3819 suero
1125 3748 1299 3819 ministerio
1344 3744 1533 3835 adherent,

474 3863 508 3917 et
543 3845 615 3917 ideo
652 3848 709 3942 qui
756 3847 927 3941 pecuniam
968 3844 1077 3936 dedit,
1121 3868 1182 3942 pro
1224 3860 1362 3941 utroque
1408 3840 1565 3917 dedisse.

473 3960 621 4020 censetur
661 3944 739 4041 (l);
773 3942 828 4015 illa
860 3961 969 4015 autem
1003 3946 1120 4043 speeies
1156 3957 1189 4013 et
1221 3941 1380 4014 simulatio
1422 3940 1535 4015 hono·

474 4047 569 4135 rarii,
600 4042 724 4117 nullam
753 4043 789 4113 in
825 4041 955 4115 eeclesia
995 4043 1162 4114 simoniam
1195 4040 1412 4137 relinqueret3
1445 4064 1536 4137 prae·

476 4160 564 4219 terea
598 4170 665 4219 non
695 4142 822 4215 lucrum
854 4140 1051 4240 temporale,
1089 4140 1145 4213 sed
1179 4164 1389 4239 personarum
1421 4142 1540 4215 merita
