3575 5625
907 701 1104 771 ...94-

515 847 546 950 §.
576 849 638 921 Vl.
673 847 733 919 1116
758 847 811 920 cui
840 864 919 917 sunt
945 845 1065 920 oblatae
1096 847 1290 942 positiones,
1331 841 1445 915 iisdem
1476 867 1542 916 666-
1652 853 1653 920 ᾗ

466 947 614 1044 pondere
633 947 761 1044 juratus
789 945 909 1035 debet,
940 969 994 1034 ac,
1016 948 1042 1014 si
1073 943 1233 1016 consessus
1264 941 1385 1032 luerit,
1414 939 1544 1036 urgebi·
1652 943 1653 1026 ξ

467 1060 523 1114 166
548 1046 735 1116 testimonio
770 1068 848 1131 suo,
882 1057 1051 1139 tamquam
1089 1067 1125 1114 re
1162 1043 1238 1112 satis
1275 1055 1362 1111 certa
1390 1053 1423 1110 61
1460 1063 1544 1134 pro·
1652 1060 1653 1120 1

468 1141 564 1226 bata3
606 1145 632 1212 si
664 1140 862 1238 respondere
897 1138 1063 1229 noluerit,
1103 1153 1159 1209 aut
1189 1163 1232 1210 ne
1263 1135 1496 1233 responderet,
1527 1162 1546 1204 a
1652 1165 1653 1168 ¹

468 1238 587 1310 'udicio
628 1238 832 1328 discesserit,
873 1238 1067 1310 conscientie
1106 1261 1163 1308 sua
1207 1237 1374 1307 convictus
1411 1231 1546 1330 judica·
1652 1233 1653 1272 ³

461 1265 557 1407 bitur
583 1334 649 1431 (1).
679 1334 780 1421 Quod
812 1334 948 1432 quidem
981 1335 1129 1422 obtinet,
1168 1357 1243 1404 cum
1272 1331 1375 1430 judex
1403 1354 1546 1426 respon-

466 1433 545 1504 dere
575 1435 691 1531 jussit,
734 1459 812 1504 nam
855 1434 913 1596 qui
950 1459 968 1502 a
998 1431 1124 1531 judicio
1163 1430 1323 1519 discessit,
1365 1444 1544 1524 antequam
1652 1507 1653 1510 Ἴ

469 1530 551 1601 11161
583 1557 601 1600 6
632 1530 745 1629 judice
776 1554 853 1601 man
879 1545 1010 1617 aretur,
1046 1545 1242 1617 contumax,
1279 1551 1348 1598 non
1379 1527 1548 1598 convictus

468 1630 668 1700 existimatur
695 1628 761 1725 (2).
799 1626 920 1699 Videre
947 1643 1055 1698 autem
1083 1629 1119 1696 in
1141 1627 1255 1722 primis
1270 1624 1373 1722 judex
1396 1640 1430 1694 et
1461 1647 1547 1694 con·
1652 1634 1653 1660 ¹

468 1726 610 1797 siderare
645 1725 763 1816 debet,
803 1722 1044 1824 probandaene,
1085 1750 1127 1794 an
1169 1721 1354 1820 rejiciendae
1390 1723 1457 1791 sint
1493 1744 1550 1817 po·
1652 1791 1653 1814 ,

468 1826 621 1912 sitiones,
669 1850 738 1896 non
786 1827 875 1895 enim
919 1823 1062 1916 litigator
1107 1819 1323 1918 positionibus
1375 1817 1547 1901 obscuris,

472 1923 642 2016 captiosis,
683 1920 812 2010 dubiis,
852 1936 910 1990 aut
955 1918 996 1990 ad
1036 1943 1163 1990 causam
1204 1942 1270 1989 non
1308 1915 1550 2014 pertinentibus

470 2020 597 2111 cogitur
630 2017 840 2114 respondere.

512 2186 539 2266 (1
576 2185 735 2269 Cupide
752 2186 950 2272 Confessisin
966 2189 996 2249 6.

512 2270 543 2350 (1
578 2267 895 2352 CopldeCcnssssis
908 2267 941 2332 itt
955 2271 986 2332 6.

519 2423 550 2524 §.
592 2421 668 2494 Vll.
714 2423 780 2494 Ubi
823 2423 1025 2498 confessione
1073 2441 1215 2522 nequeat
1261 2423 1357 2496 educi
1409 2424 1549 2512 veritas,

472 2522 542 2594 aliae
566 2524 601 2592 in
635 2521 782 2592 medium
811 2522 986 2594 afferendae
1009 2539 1086 2594 sunt
1113 2522 1340 2620 probationes,
1373 2537 1408 2592 ct
1434 2523 1552 2592 veritus

473 2617 671 2715 exquirendo
715 2619 766 2690 vel
801 2619 963 2710 testibus,
1005 2621 1055 2691 vel
1097 2621 1341 2707 instrumentiS,
1384 2616 1433 2690 vel
1459 2620 1552 2716 jure·

468 2715 633 2815 jurando,
665 2715 717 2788 vel
748 2717 869 2788 oculari
900 2721 1123 2816 inspectione,
1153 2716 1203 2788 vel
1238 2715 1364 2787 indiciis
1393 2731 1427 2788 et
1460 2740 1554 2815 prae·

474 2815 727 2912 sumptionibus.
765 2814 877 2889 Testes
907 2832 985 2887 sunt
1021 2839 1168 2914 pcrsonae
1208 2814 1276 2886 fide
1314 2814 1443 2911 dignae,
1476 2839 1553 2911 quae

473 2915 520 2983 rei
564 2928 781 2985 controverse
820 2916 991 2985 veritatem
1025 2913 1223 3003 ostendunt,
1284 2912 1417 3010 uodque
1441 2912 1483 2982 ab
1516 2914 1553 2983 iis

474 3009 600 3081 dictum
640 3027 708 3101 est,
743 3013 966 3083 testimonium
1015 3010 1210 3107 apellatur.
1255 2939 1373 3081 dmnis
1415 3012 1554 3106 quaestio

473 3107 515 3179 de
540 3109 678 3180 testibus
709 3108 751 3179 ad
790 3110 852 3181 tria
884 3112 989 3206 capita
1024 3038 1117 3181 liicile
1154 3107 1333 3205 redigitur,
1363 3106 1403 3179 61
1436 3132 1553 3180 eorum

474 3231 671 3297 numerum,
694 3207 910 3304 qualitatem,
937 3232 1083 3279 examen.
1652 3210 1653 3219 ’

520 3371 555 3471 1.
584 3374 676 3446 VlIl.
714 3374 814 3461 Quod
853 3378 971 3447 attinet
1008 3376 1050 3447 ad
1083 3403 1285 3468 numerum,
1320 3377 1418 3447 unius
1452 3400 1552 3471 porro
1652 3400 1653 3411 ¹

474 3472 583 3560 testis,
608 3496 705 3566 quam
734 3498 808 3544 uam
829 3474 898 3569 ipse
920 3476 962 3545 sit
997 3478 1088 3547 omni
1110 3476 1300 3572 exceptione
1329 3476 1435 3571 major
1470 3472 1550 3569 (1),
1652 3486 1653 3489 ’

473 3565 563 3638 nulla
592 3583 661 3637 tuta
687 3498 768 3640 fides
784 3586 833 3641 est
858 3568 934 3667 (2),
973 3589 1099 3645 tantum
1131 3573 1228 3663 lacit,
1258 3598 1300 3643 ne
1325 3588 1449 3643 temere
1470 3572 1553 3659 fiat,
1652 3648 1653 3677 ¹

474 3663 564 3830 quod
592 3667 661 3736 sine
694 3664 809 3762 flagitii
842 3669 986 3766 periculo
1020 3670 1092 3741 fieri
1125 3695 1193 3742 non
1235 3686 1354 3765 potest.
1396 3668 1444 3738 116
1474 3693 1552 3739 cum

499 3761 664 3852 ubitatur,
705 3790 786 3835 num
817 3769 889 3864 quis
921 3766 1101 3865 baptizatus
1127 3770 1168 3839 sit
1198 3766 1267 3863 (5),
1306 3792 1387 3838 num
1419 3764 1554 3837 ecclesia

474 3862 516 3929 sit
547 3876 730 3932 consecrata
762 3864 836 3961 (1),
867 3890 943 3937 cnm
981 3869 1088 3961 agitur
1122 3864 1164 3935 16
1199 3862 1410 3962 impediendo
1442 3864 1555 3935 metri·

475 3959 607 4048 monio,
643 3958 750 4058 deque
788 3964 967 4036 avertendo
1007 3962 1116 4053 malo,
1152 3962 1243 4060 quod
1276 3988 1316 4034 ex
1354 3961 1410 4034 illo
1451 3964 1554 4032 orire·

475 4074 530 4128 tur
558 4057 631 4154 (5),
660 4060 718 4131 uni
750 4062 824 4131 testi
845 4058 1047 4135 credendum
1076 4077 1137 4133 est.
1168 4058 1295 4133 Sedet
1323 4061 1468 4147 notario,
1495 4060 1554 4155 qui

475 4179 512 4224 ea
543 4155 742 4246 confirmat,
779 4182 854 4253 quae
880 4162 929 4230 sui
961 4160 1060 4231 officii
1088 4174 1166 4231 sunt
1203 4157 1279 4254 (6);
1322 4159 1461 4245 nuntio,
1496 4157 1555 4252 qui

477 4276 511 4322 se
544 4253 688 4350 aliquem
723 4257 835 4327 citasse
875 4272 1009 4328 testatus
1049 4256 1123 4354 (7);
1161 4258 1334 4353 episcopo,
1367 4256 1425 4352 qui
1457 4254 1555 4326 testi·
