3575 5625
716 674 912 745 ...fil-.-

279 820 397 885 11661661
407 828 436 882 61
452 816 697 885 Valentinianum
707 822 740 883 in
752 823 825 886 66116
839 822 945 887 concil.
957 822 1179 909 Bpieeinipor.
1199 830 1211 889 1
1226 846 1293 910 cop.
1306 830 1348 889 61)

279 924 313 965 n.
338 905 356 965 5
379 901 435 965 col.
459 906 518 967 977
541 913 563 965 1.
583 906 601 965 5
622 902 774 967 concilior.
795 903 861 967 coll.
887 907 977 969 Labb.
1002 908 1050 970 ed.
1081 910 1193 987 Venet,
1216 918 1247 971 et
1267 910 1347 989 apud

279 990 368 1067 Greg.
391 989 418 1047 11
434 986 467 1047 in
479 1005 525 1070 ep.
541 983 583 1047 od
595 987 723 1049 Leonem
746 990 848 1050 Iaosr.
870 998 891 1049 t.
916 991 937 1051 8
957 1008 1038 1052 eane.
1065 989 1121 1053 eol.
1141 994 1195 1053 611
1215 990 1348 1074 ejusdem

277 1066 345 1129 6611.
372 1069 497 1129 Consule
520 1072 566 1131 Du
589 1072 698 1131 Fresne
726 1071 836 1131 Conona.
864 1070 897 1131 in
922 1068 1015 1133 Paul.
1040 1070 1146 1135 Silent.
1167 1093 1239 1156 pop.
1266 1077 1344 1151 tot,

278 1158 310 1211 61
340 1150 479 1213 somnum
512 1149 726 1213 Gotholredum
748 1151 781 1213 in
801 1152 850 1213 eit.
873 1154 911 1213 L.
939 1154 980 1215 56
999 1151 1062 1215 eod.
1096 1152 1203 1216 Thaod.
1227 1164 1297 1217 tons.
1325 1159 1346 1217 6

274 1250 351 1373 pop.
379 1232 438 1295 166
462 1226 534 1293 edit.
563 1233 676 1315 Lipaioe
704 1234 771 1311 eit,
804 1237 856 1313 qui
880 1242 980 1297 tamen
1007 1238 1054 1297 vir
1080 1236 1264 1299 6661166666
1290 1237 1347 1300 boo

290 1332 356 1377 oco.
369 1310 565 1383 deridendum
584 1334 617 1377 66
635 1316 763 1395 prebet,
789 1336 857 1379 cum
884 1317 996 1379 latetur
1020 1316 1055 1379 in
1083 1316 1245 1392 1166661616,
1280 1340 1347 1403 pso

274 1392 383 1478 procul
403 1394 493 1463 161116
514 1394 578 1458 loeo
599 1396 737 1461 concluso
757 1396 857 1481 litore,
880 1398 1084 1481 inmoriperos
1106 1400 1226 1463 eteriooa
1248 1419 1347 1464 ouer·

278 1476 348 1539 nori
362 1478 560 1561 eonmasisse,
578 1478 675 1559 inquit
695 1488 793 1543 tamur
799 1526 810 1558 ,
826 1480 907 1561 quod
928 1506 942 1536 6
961 1482 1088 1543 Ecclesia
1103 1482 1150 1544 his
1168 1483 1349 1563 temporibus

273 1552 512 1640 jurisdictiohe‘m
525 1548 643 1643 prhpric
653 1580 712 1624 non
723 1562 846 1624 6666161
859 1562 912 1625 666
924 1564 1105 1625 audientiam
1116 1573 1241 1627 uratum.
1255 1592 1269 1619 n
1290 1566 1348 1628 Sed

277 1644 427 1721 quomodo
445 1642 732 1723 sino·iirrisdictione
746 1646 888 1723 potuisset
904 1645 1022 1707 66616616
1040 1646 1160 1708 elericos
1173 1646 1205 1709 in
1221 1665 1350 1709 earcere

277 1724 457 1800 detrudas,
471 1725 505 1787 in
513 1716 616 1802 disq'ue
629 1725 782 1785 conclusos
797 1733 826 1785 61
839 1727 998 1787 6661661166
1011 1728 1161 1789 retinere?
1174 1732 1221 1791 An
1233 1730 1349 1809 signum

278 1822 343 1867 esse
363 1804 544 1879 1666166166
559 1812 595 1871 et
605 1806 771 1893 predarins
787 1806 999 1885 jurisdictionis
1015 1813 1130 1889 potest?
1149 1812 1291 1873 Deeonim
1304 1829 1351 1873 66-

280 1887 400 1947 cretarii
415 1892 533 1975 portem
543 1882 633 1949 161666
646 1890 733 1967 putat
750 1888 932 1970 Binghamus
947 1889 1030 1971 Orip.
1049 1888 1118 1954 6661.
1135 1890 1185 1954 tio.
1204 1896 1225 1955 8
1243 1912 1280 1953 66
1302 1936 1311 1953 .
1331 1894 1350 1955 7

279 1966 308 2049 S.
327 1970 347 2029 9
366 1968 478 2053 136
500 1948 627 2055 *ultan
650 1968 739 2033 11616
758 1968 955 2054 1169166669.
982 1974 1072 2035 17118.
1095 1978 1140 2036 Do
1159 1912 1348 2053 serberidns,

279 2050 384 2127 exilio,
406 2046 721 2129 madetis'pecnbitrilt
750 2054 914 2133 ceterisque
937 2056 1048 2133 plenis,
1076 2074 1143 2135 quas
1165 2056 1204 2117 ab
1230 2058 1348 2119 66616616

277 2130 440 2209 dabantur,
454 2130 587 2211 ’66661611
609 2132 687 2193 libro
708 2150 777 2195 suos
798 2135 856 2195 erit
875 2135 982 2217 agendi
1000 2137 1091 2199 16666.
1116 2139 1224 2200 Confer
1240 2148 1348 2221 prete·

275 2232 327 2275 rea
341 2217 380 2277 In
393 2212 486 2276 Cerdo
499 2206 664 2279 16666666.
674 2229 740 2303 opp.
757 2218 796 2277 59
810 2234 897 2279 num.
913 2218 945 2280 2.

325 2368 356 2470 §.
388 2369 499 2443 XXII.
527 2370 577 2443 Ita
609 2364 688 2443 sine
776 2388 891 2471 tquam
920 2373 963 2445 ad
989 2373 1177 2448 christianos
1202 2378 1347 2473 impera·

276 2484 364 2539 tores
389 2494 500 2542 rerum
525 2496 651 2541 summa
679 2470 785 2543 deata
813 2487 881 2561 661.
912 2472 1043 2545 ecelesia
1073 2498 1140 2545 non
1170 2474 1277 2546 solum
1305 2476 1348 2549 de

278 2566 376 2637 rebus
413 2568 631 2665 spiritualibus
664 2568 741 2667 (l),
781 2568 838 2640 sed
872 2573 970 2642 etiam
1010 2570 1052 2644 de
1080 2570 1226 2642 civilibus
1257 2572 1349 2645 cleri-

278 2688 392 2735 corum
451 2667 674 2738 controversiis
731 2667 804 2765 (2),
858 2666 1011 2738 adhibitis
1067 2669 1346 2761 solemnitatibus,

279 2786 355 2859 quae
383 2765 420 2834 in
451 2766 533 2836 veris
567 2764 784 2864 perlectisque
821 2765 946 2840 'udiciis
975 2765 1173 2856 adhibentur
1201 2768 1277 2866 (ὅ),
1313 2788 1347 2843 61

278 2863 314 2930 16
344 2887 402 2933 666
427 2862 560 2959 quidem
587 2863 658 2936 loro
686 2864 740 2962 (1)
766 2792 937 2962 judicarit.
967 2864 1187 2952 Quinetiam
1218 2893 1262 2938 66
1290 2872 1347 2964 qui

277 2957 434 3050 clericus,
471 2963 578 3032 minam
607 2961 816 3034 ecclesiastico
842 2962 955 3062 jndice
985 2979 1178 3052 contentus,
1218 2963 1261 3034 ad
1284 2965 1347 3036 lai·

278 3083 354 3128 cum
383 3061 464 3148 iret,
496 3085 606 3154 graves
645 3062 831 3133 constitutae
866 3076 944 3132 sunt
976 3086 1103 3158 pesum,
1129 3061 1250 3159 quibua
1278 3061 1346 3133 hu-

272 3155 420 3253 jusmodi
442 3156 565 3230 lacinus
590 3173 793 3230 coerceretur
816 3158 883 3254 (5).
919 3157 979 3230 llae
1014 3174 1123 3230 eutem
1154 3158 1344 3232 elericorum

278 3257 526 3345 controversiae,
556 3270 595 3326 ut
623 3254 825 3352 plurimum,
848 3257 883 3327 in
908 3255 1096 3354 provinciali
1121 3281 1137 3328 s
1162 3254 1249 3330 nodo
1272 3257 1345 3356 (6),

278 3351 335 3424 sed
359 3376 444 3450 sepe
457 3356 553 3427 etiam
569 3355 710 3451 episcopi
720 3353 845 3453 judicio
859 3352 1098 3426 dirimebantur
1111 3283 1180 3452 (l).

320 3524 364 3608 (t)
386 3529 509 3589 cunctos
526 3525 564 3588 de
584 3526 727 3610 religione
743 3527 954 3590 controversias
975 3545 992 3587 a
1013 3526 1074 3588 sola
1091 3528 1211 3590 eeclesia
1229 3527 1346 3593 definiri

278 3625 364 3689 posse
382 3626 417 3668 ae
429 3627 545 3688 semper
561 3607 697 3670 delinitas
717 3609 822 3686 161666,
837 3610 917 3672 inter
936 3608 1092 3671 6616611666
1107 3627 1209 3672 omnes
1222 3621 1344 3674 constat.

278 3691 337 3754 Sed
358 3691 390 3750 in
409 3689 457 3752 his
480 3690 654 3753 definiendis
671 3691 856 3771 judiciariam
878 3711 996 3772 quoque
1016 3691 1188 3754 methodum
1206 3694 1347 3756 adsersus

278 3771 433 3836 haereticos
450 3772 612 3834 adhibitam
629 3772 736 3850 fuisse,
758 3773 843 3834 166116
867 3773 1011 3855 intelliget
1031 3775 1163 3854 quisquis
1180 3776 1218 3836 ad
1242 3794 1276 3837 ea
1292 3777 1347 3836 ad·

277 3861 389 3932 vertat,
409 3871 475 3933 qnae
495 3857 526 3916 in
545 3855 674 3916 conciliis
692 3863 773 3938 gesta
794 3861 874 3918 6661.
898 3855 1008 3920 1116661
1029 3859 1129 3918 Patres
1140 3864 1298 3936 antequam
1314 3860 1346 3919 in

278 3940 384 4000 Arium
397 3939 571 3999 6661661166
582 3939 710 4010 terrem,
726 3955 794 4000 eum
807 3939 845 3998 ad
858 3939 1004 4018 synodum
1014 3947 1171 4016 vocarunt,
1183 3946 1247 4000 tum
1260 3959 1346 4015 eum,

279 4029 343 4081 tom
355 4020 419 4099 ejus
435 4028 613 4082 accusatores
630 4018 824 4098 audiverunt,
843 4018 973 4100 denique
983 4038 1017 4080 re
1030 4021 1145 4102 cognito
1162 4039 1347 4101 expensaque

282 4103 453 4183 diligenter,
475 4121 542 4164 cum
555 4103 642 4182 plane
658 4104 806 4164 convictus
827 4113 917 4178 esset,
932 4101 1072 4164 66666666
1087 4121 1155 4163 eum
1171 4103 1346 4164 sententiam

283 4185 482 4264 protulerunt,
499 4185 585 4246 sicuti
605 4192 685 4263 patet
709 4203 745 4246 ex
763 4188 880 4248 Soetate
900 4181 951 4248 to.
972 4187 985 4244 1
1010 4203 1077 4264 eop.
1097 4186 1117 4244 9
1128 4203 1201 4266 pop.
1218 4186 1254 4244 11
1272 4181 1345 4244 edit.

288 4262 383 4328 Voles.
404 4265 641 4340 0661666.1710
660 4267 794 4348 aliisque.
810 4269 835 4330 h
850 4267 985 4330 Patribus
1004 4265 1159 4345 Ephesiuis
1177 4273 1224 4326 ter
1241 4265 1345 4328 6116166
