3575 5625
655 649 878 720 -ttt-

224 816 295 878 cup.
314 799 434 859 tinum.
450 799 491 858 28
505 817 578 881 pap.
600 801 659 860 tot
672 797 719 860 ed.
737 797 880 880 leuduni
892 801 1001 862 Betae.
1020 803 1110 864 rtet.
1128 801 1305 866 Producitur

225 888 328 940 autem
339 897 394 958 pro
404 879 529 940 crimine
551 881 631 959 ejus,
647 883 698 959 qui
714 881 833 943 familiae
853 888 905 941 aut
928 884 1056 944 societati
1082 894 1202 963 preest,
1219 904 1305 964 poena

141 959 144 963 ’
225 961 316 1021 etiam
343 961 379 1021 ad
405 969 497 1022 totam
524 963 665 1024 familiam
693 982 726 1023 ac
746 963 931 1040 societatem,
956 973 990 1024 nt
1018 965 1069 1025 ille
1091 965 1179 1043 hujus
1203 967 1306 1029 saltem

226 1058 330 1103 amore
353 1063 386 1103 ac
400 1043 508 1121 pietate
528 1054 643 1119 motus,
667 1052 717 1104 aut
732 1043 825 1105 victus
842 1046 985 1123 querelis,
1001 1063 1063 1106 sese
1078 1065 1093 1106 a
1111 1048 1219 1108 scelere
1234 1050 1306 1110 tuci-

226 1125 286 1185 lius
297 1125 460 1202 abstineat,
478 1134 529 1186 aut
550 1126 653 1186 redeat
670 1126 707 1186 ab
725 1125 833 1187 bonam
854 1135 1002 1204 mentem,
1021 1146 1088 1188 eum
1104 1130 1216 1189 crimen
1238 1148 1307 1209 per-

227 1208 367 1284 petravit.
382 1210 479 1285 Atque
492 1208 548 1269 boc
558 1209 680 1287 quidem
694 1209 829 1290 generale
843 1209 1034 1270 interdictum
1045 1211 1169 1270 extremi
1183 1212 1307 1274 remedii

228 1287 293 1348 loco
312 1297 371 1364 est,
387 1298 417 1349 et
436 1291 519 1367 quasi
535 1299 657 1371 cogente
669 1291 840 1351 necessitate
853 1291 1017 1366 emittitur,
1035 1310 1101 1352 cum
1119 1291 1229 1352 scilicet
1244 1311 1308 1371 per·

230 1370 331 1430 souule
351 1371 542 1432 interdictum
567 1390 688 1451 prorsus
712 1372 818 1432 inutile
841 1373 906 1434 iore
927 1374 1121 1452 prospicitur,
1145 1383 1197 1434 aut
1218 1391 1308 1453 expc-

231 1450 342 1512 riuudo
369 1452 586 1531 deprehensum
614 1461 669 1514 est.
696 1458 739 1516 lta
767 1455 938 1530 necessitas,
967 1474 1033 1534 quse
1061 1453 1117 1517 boc
1144 1464 1309 1516 extremum

232 1532 399 1593 remedium
421 1533 556 1596 adbiberi
568 1535 670 1614 jubet,
691 1534 844 1613 injustitie
866 1544 966 1598 uotam
990 1535 1148 1618 absterget.
1172 1536 1308 1608 Accedit,

231 1613 313 1690 quod
327 1615 351 1675 si
366 1634 420 1695 per
435 1616 571 1696 generale
584 1617 775 1678 interdictum
790 1618 879 1678 etiam
893 1620 1024 1678 insontes
1037 1637 1132 1696 paene
1145 1618 1309 1697 subjiciun-

232 1701 298 1771 tur,
315 1714 380 1757 eam
394 1699 515 1777 quidem
529 1701 682 1779 perierunt
693 1707 842 1778 umquam
855 1699 988 1760 membre
999 1701 1159 1778 societatis,
1176 1701 1207 1761 in
1221 1718 1310 1780 quam

231 1775 339 1839 merito
361 1798 447 1858 poeua
473 1782 674 1843 constituitur.
703 1785 759 1844 Fac
782 1781 854 1842 duas
876 1799 940 1844 esse
964 1781 1161 1860 respublicas,
1184 1799 1309 1861 quarum

231 1858 324 1919 altera
337 1878 415 1938 sese,
430 1861 515 1924 alteri
533 1882 582 1924 res
595 1863 752 1943 quasdam,
766 1863 876 1942 quibus
887 1882 921 1924 eu
935 1871 1032 1940 caret,
1050 1863 1184 1924 daturam
1197 1865 1311 1944 promi-

232 1939 319 2012 serit,
337 1943 425 2003 modo
440 1946 502 2024 ipsa
522 1953 601 2006 certa
621 1953 718 2006 servet
739 1954 837 2024 pacta,
857 1965 923 2024 quae
943 1952 1047 2006 mutuo
1064 1955 1205 2008 conventa
1227 1953 1308 2007 sunt.

233 2022 393 2104 Negligunt
413 2025 476 2086 boec
497 2036 579 2106 pacta
603 2028 641 2104 ii,
669 2026 721 2106 qui
745 2027 916 2106 reipublice
939 2034 1009 2088 suut
1032 2027 1197 2107 prepositi3
1219 2045 1311 2106 quare

233 2103 325 2164 altera
347 2108 511 2185 respublica
526 2108 601 2170 nihil
622 2117 742 2188 prestat
762 2128 881 2186 eorum,
900 2129 966 2188 que
979 2110 1101 2170 servatis
1114 2109 1205 2188 pactis
1218 2127 1312 2187 pres·

236 2191 300 2243 tare
312 2184 472 2250 debuisset.
493 2193 632 2272 Magnum
652 2189 760 2252 exinde
778 2192 897 2270 capiunt
915 2191 1128 2252 detrimentum
1143 2189 1311 2252 consulum

235 2267 405 2344 reipublicae
421 2272 573 2350 praelecti,
586 2274 637 2350 qui
659 2280 742 2350 pactu
761 2281 1017 2352 contempserunt,
1037 2273 1190 2334 sedetiam
1205 2273 1310 2347 ceteri,

234 2349 286 2424 qui
300 2351 403 2412 eadem
418 2353 567 2432 republica
582 2353 788 2432 continentur,
806 2355 946 2432 quoniam
967 2362 1066 2414 carent
1080 2354 1184 2431 rebus,
1204 2353 1311 2432 quibus

234 2432 355 2492 omnino
376 2434 530 2516 indigent3
546 2444 576 2496 et
596 2435 628 2495 hi
643 2434 780 2514 quidem,
801 2454 977 2515 quamquam
995 2435 1074 2496 nulla
1093 2436 1210 2514 propria
1228 2435 1312 2513 culpa

234 2517 408 2586 teneantur,
424 2534 539 2594 poenam
557 2524 653 2578 tamen
670 2519 824 2595 perierunt
841 2526 963 2597 propter
979 2517 1093 2597 eulpam
1105 2519 1311 2596 praefectorum

234 2609 369 2655 suorum.
390 2599 463 2671 Quis
480 2599 549 2676 jure
571 2598 770 2676 reprehendat
793 2599 1021 2678 rempublicam,
1048 2618 1114 2678 quae
1143 2599 1227 2658 alteri
1252 2617 1311 2658 nou

235 2675 323 2736 dedit
332 2695 381 2737 res
395 2681 583 2758 necessarias,
596 2699 669 2758 ques
681 2688 796 2741 tantum
810 2681 933 2740 serratis
947 2681 1038 2758 pactis
1051 2679 1122 2739 dare
1136 2679 1311 2740 debuisset?

235 2761 333 2819 Omne
357 2759 461 2822 vitium
481 2770 526 2824 est
543 2763 765 2841 prefectorum,
784 2762 836 2841 qui
853 2762 945 2841 pactis
964 2760 1136 2837 defuerunt,
1156 2760 1236 2840 quod
1252 2777 1312 2821 om·

233 2858 287 2900 nes
310 2859 412 2902 eorum
436 2844 604 2923 reipublicae
628 2844 768 2922 subjecti,
787 2862 965 2923 quamquam
992 2845 1144 2918 insontes,
1170 2844 1311 2903 damnum

235 2923 370 3001 capiunt,
395 2925 448 2985 sed
466 2926 581 2987 nullum
595 2935 638 2985 est
656 2927 761 2986 vitium
782 2926 904 2987 alterius
921 2923 1105 3003 reipublice,
1125 2942 1142 2981 a
1159 2942 1216 3002 qua
1233 2941 1312 3000 spre-

238 3004 275 3064 tis
294 3007 528 3086 contemptisque
550 3008 641 3087 pactis
662 3006 738 3067 nihil
761 3006 892 3068 dandum
915 3012 969 3065 est.
1000 3003 1095 3067 Simili
1122 3004 1210 3063 modo
1234 3005 1312 3062 iuter

237 3086 460 3148 ecelesiasticam
500 3088 674 3167 civilemque
718 3088 930 3168 rempublicam
972 3093 1088 3165 paetum
1135 3091 1311 3145 conventum

237 3168 372 3243 ridetur,
391 3177 424 3229 ut
438 3169 529 3231 altere
552 3171 636 3231 alteri
654 3170 784 3250 prebeat
804 3176 984 3231 sacramenta
999 3173 1029 3227 et
1048 3173 1145 3226 cetera
1165 3165 1202 3225 ad
1224 3172 1312 3225 eeter-

236 3268 305 3309 nam
319 3251 443 3312 salutem
465 3254 642 3327 necessaria3
669 3252 757 3314 modo
771 3251 835 3312 hec
855 3268 951 3312 meros
968 3249 1118 3309 ministros
1131 3246 1204 3323 alat,
1225 3248 1314 3307 eccla·

234 3331 286 3391 sie
310 3331 426 3412 legibus
448 3334 582 3411 obediat,
604 3342 700 3395 cetera
726 3333 873 3403 absolvet,
887 3351 955 3409 quae
975 3329 1013 3390 ad
1030 3336 1170 3391 aeternam
1188 3328 1312 3389 salutem

234 3415 470 3492 consequendam
492 3415 529 3476 ab
552 3416 671 3476 ecelesia
693 3415 854 3477 necessaria
874 3412 1056 3493 judicantur.
1074 3411 1103 3473 Si
1118 3410 1156 3487 ii,
1173 3410 1225 3489 qui
1237 3430 1312 3490 pre-

235 3502 305 3554 sunt
332 3496 409 3555 civili
432 3497 601 3577 reipublicae
621 3514 745 3576 eamque
763 3503 992 3575 repraesentant,
1014 3492 1163 3554 ecclesiam
1186 3500 1313 3553 contem·

235 3582 328 3651 nunt,
352 3596 449 3657 neque
472 3580 584 3639 mutuis
607 3578 698 3658 pactis
717 3579 938 3655 obtemperant,
965 3573 1239 3654 reprehendendam
1261 3594 1312 3653 pu-

236 3657 365 3718 tabimus
379 3660 545 3735 ecclesiam,
562 3660 642 3740 quod
661 3668 748 3740 negat
764 3659 842 3720 civili
860 3657 1029 3736 reipublice
1053 3674 1101 3727 ea,
1117 3675 1183 3734 quse
1197 3664 1312 3717 tantum

235 3741 398 3801 subsertis
416 3742 506 3819 pactis
524 3742 620 3803 danda
645 3748 730 3815 sunt,
747 3741 911 3819 praesertim
931 3758 998 3800 cum
1019 3738 1050 3799 id
1074 3740 1161 3800 iaciat
1176 3739 1309 3813 ecclesia,

237 3830 271 3881 ut
287 3822 388 3903 populi
406 3824 529 3885 salutem
553 3827 655 3884 curet?
678 3822 761 3883 Adde
781 3822 925 3901 denique,
954 3818 1034 3904 quod
1055 3829 1090 3882 ut
1115 3820 1251 3901 generale
1270 3820 1313 3879 iu·

237 3904 396 3964 terdictum
418 3905 517 3965 minus
530 3905 617 3967 ledat
637 3906 794 3975 innocuos,
820 3904 970 3983 provisum
988 3911 1048 3975 est,
1074 3910 1108 3963 ut
1126 3903 1211 3980 pueri
1225 3908 1312 3977 atque

236 3985 483 4047 adrimeticum
505 3994 695 4065 properantes
719 4005 753 4047 ea
777 3986 920 4063 babeant,
943 4004 1009 4065 quae
1031 3983 1066 4044 ed
1087 3990 1225 4042 aeternam
1240 3980 1314 4041 salu·

237 4078 296 4128 tem
312 4068 470 4127 necessaria
483 4076 562 4129 snut.

335 4338 412 4382 ron.
442 4338 475 4381 u.
1168 4303 1213 4372 19
