3575 5625
447 576 493 621 xit

482 701 677 761 Deoernentes
689 695 807 759 easdem
819 703 979 777 presentes
1000 697 1122 759 Litteras
1144 697 1224 759 nullo
1237 714 1368 778 unquam
1383 706 1515 777 temporo

443 779 481 843 de
493 781 689 860 subreptionis
704 790 733 840 et
747 780 944 858 obreptionis,
960 788 1010 840 aut
1030 780 1172 840 nullitatis
1185 780 1272 851 vitio,
1288 780 1332 841 vel
1348 781 1518 842 intentionis

442 870 551 924 nostra
564 870 614 923 aut
628 863 685 923 alio
698 880 897 941 quorumque,
921 862 1055 941 quamvis
1077 878 1199 940 magno,
1216 870 1245 922 et
1258 862 1453 943 inexcogitata
1466 862 1518 924 de·

441 945 535 1014 ieetu,
551 944 648 1005 notari
662 951 713 1004 out
724 944 892 1023 impugnari
914 960 1011 1024 posse,
1033 942 1085 1004 sed
1107 960 1222 1022 semper
1233 942 1348 1021 iirmas,
1364 940 1476 1006 auidas
1489 952 1518 1005 et

442 1026 571 1087 efficaces
585 1026 710 1087 existere
724 1032 754 1086 et
775 1024 853 1096 lore,
873 1042 999 1103 suosque
1019 1025 1180 1105 plenarios,
1204 1032 1234 1085 et
1250 1024 1380 1106 integros
1399 1026 1518 1087 alienius

442 1108 558 1179 sortiri,
571 1116 601 1169 et
611 1108 761 1185 obtinere;
772 1116 802 1168 et
813 1107 1020 1169 inviolabiliter
1028 1106 1177 1169 observari
1189 1104 1308 1169 debere.
1320 1110 1386 1169 Nou
1399 1106 1520 1169 obstan-

442 1190 523 1250 tibus
536 1188 742 1268 synodalibus,
754 1196 784 1249 et
795 1187 1036 1261 Provineialibns,
1052 1184 1299 1268 Generalibusque
1309 1189 1458 1262 Consiliis,
1473 1190 1519 1251 vel

443 1270 617 1351 specialibus
626 1269 906 1343 constitutionibus,
920 1278 949 1331 et
960 1268 1194 1331 ordinationibus
1206 1271 1393 1349 Apostoliois,
1407 1289 1441 1332 ae
1451 1273 1520 1333 Nos·

443 1354 515 1426 tris,
530 1360 561 1414 et
574 1351 747 1434 Apostolieae
757 1352 940 1415 Cauoellarire
953 1352 1086 1432 Regalis,
1099 1352 1264 1431 praesertim
1273 1349 1388 1429 dejure
1397 1354 1520 1431 quaesito

444 1453 506 1497 non
517 1435 662 1509 tollendo,
676 1454 730 1497 nee
741 1452 800 1495 non
813 1451 1067 1514 quarumcumque
1079 1433 1286 1505 Euolesiarum,
1302 1436 1518 1513 Capitulum,

445 1518 701 1591 lionasteriorum,
712 1517 895 1597 aliorumque
906 1518 1025 1579 Piorum
1034 1519 1176 1579 booorum
1186 1514 1421 1587 fundationibus,
1433 1518 1520 1578 mum

446 1599 675 1662 confirmatione
688 1598 867 1679 Apostolira,
881 1599 929 1660 vel
942 1598 1045 1679 quavis
1058 1596 1199 1659 firmitate
1210 1597 1264 1661 ulia
1277 1596 1439 1672 roboratis,
1456 1599 1522 1661 Pri-

445 1682 487 1742 uil
524 1682 560 1742 iis
572 1698 705 1761 quoque,
717 1681 841 1743 indultis
853 1686 884 1741 et
900 1681 1007 1743 litteris
1020 1680 1191 1760 Apostolieis
1207 1681 1238 1741 in
1252 1680 1433 1741 eontrarium
1447 1698 1523 1759 quo·

446 1781 496 1825 mo
517 1763 607 1825 olibet
616 1764 774 1836 enumeris,
786 1760 966 1825 ooniirmntis
976 1772 1006 1825 et
1015 1762 1175 1834 innovetis,
1188 1762 1359 1841 austerisque
1368 1762 1523 1823 contrariis

446 1844 691 1924 quibuscumque.
706 1845 820 1920 Quibus
833 1844 971 1907 omnibus
992 1853 1022 1907 et
1044 1844 1182 1924 singulis,
1206 1845 1325 1905 illorum
1338 1851 1456 1905 tenores
1470 1862 1523 1923 pro

446 1928 590 2006 expressis
602 1926 682 1988 etad
694 1926 819 1988 verbum
832 1927 950 1989 insertis
971 1926 1127 1999 babentes,
1150 1924 1208 1987 illis
1223 1926 1292 1985 alias
1306 1926 1338 1987 in
1350 1944 1404 1987 suo
1418 1925 1524 1987 robore

446 2010 661 2087 permanmris,
685 2007 722 2069 ad
742 2010 961 2089 premissorum
979 2008 1116 2071 effectum
1137 2005 1290 2069 dumtaxat
1309 2007 1475 2086 speoialiter
1496 2016 1525 2068 et

446 2090 779 2169 exprnsederogamas.
800 2094 959 2165 Proterea,
983 2091 1052 2171 quis
1074 2088 1192 2151 difficile
1214 2089 1290 2150 foret
1304 2096 1463 2169 presentes
1477 2089 1524 2149 lit·

447 2179 526 2234 teras
536 2172 573 2234 ad
586 2172 713 2253 singula,
728 2174 760 2234 iu
772 2174 881 2253 quibus
892 2173 930 2235 de
940 2174 982 2235 ais
991 2172 1051 2233 fido
1061 2170 1191 2233 facienda
1204 2172 1309 2243 luerit,
1324 2171 1387 2231 lona
1402 2171 1522 2244 deferri,

447 2254 551 2316 eadem
562 2255 717 2333 apostoliea
728 2257 900 2316 auctoritate
921 2253 1105 2317 decernimus
1125 2261 1155 2315 et
1168 2252 1358 2324 mandamus,
1374 2261 1409 2314 ut
1422 2271 1522 2315 sanun

447 2337 640 2415 transumptis
649 2338 737 2397 etiam
749 2336 914 2416 impressis,
929 2354 1018 2398 manu
1031 2345 1128 2397 tamen
1141 2334 1249 2415 publici
1259 2335 1367 2395 notarii
1379 2334 1524 2415 subscrip-

448 2417 487 2476 tis
500 2426 530 2477 et
543 2417 638 2496 sigillo
651 2416 773 2494 alieujus
792 2435 924 2495 personne
945 2418 976 2477 in
998 2418 1143 2497 dignitate
1156 2416 1344 2478 ecelesiastica
1359 2418 1523 2478 eonstitutn

447 2498 585 2568 munitis,
602 2498 685 2575 plena
700 2498 811 2576 ubique
824 2497 899 2558 fides
918 2496 1109 2573 udbibeatur,
1120 2498 1243 2577 perinde
1265 2516 1299 2558 ne
1312 2499 1337 2559 si
1352 2496 1439 2559 diotre
1452 2516 1521 2577 pror

447 2586 543 2640 sentes
554 2578 659 2639 littera
673 2578 769 2639 iorent
778 2577 919 2639 exbibitae
930 2580 976 2640 vel
988 2588 1122 2641 ostensa.
1140 2584 1175 2641 Et
1189 2580 1308 2659 insuper
1321 2580 1442 2641 irritum
1455 2596 1524 2659 quo-

448 2677 507 2739 que
517 2667 547 2720 et
557 2660 644 2721 inane
653 2658 853 2734 derernimus,
865 2661 889 2721 si
901 2679 983 2723 senus
993 2680 1082 2741 super
1090 2660 1136 2723 bis
1147 2680 1335 2741 aquenum,
1348 2662 1451 2740 quavis
1461 2679 1525 2722 auo·

448 2742 584 2815 toritate,
600 2743 741 2817 solenter,
757 2743 804 2804 rel
827 2744 837 2803 i
859 2751 999 2804 noranter
1015 2744 1170 2824 eontigerit
1192 2744 1342 2805 attenturi.
1361 2743 1439 2805 Nulli
1453 2760 1523 2825 ergo

447 2825 569 2886 omnino
582 2824 737 2912 bominum
746 2762 921 2887 lineatione
932 2827 1069 2907 paginam
1081 2834 1188 2888 nostra
1200 2827 1409 2898 oonmionis,
1421 2843 1524 2904 appro-

449 2905 593 2980 bationis,
607 2906 824 2979 ratitiontionis,
837 2909 1026 2988 receptionis,
1041 2907 1253 2988 derogationis,
1267 2906 1392 2983 decreti,
1405 2907 1522 2979 statuti,

449 2988 581 3049 mandati
596 2996 626 3050 et
639 2989 796 3051 voluntatis
808 2988 971 3070 infringere
982 2991 1026 3050 vel
1043 2991 1069 3052 ei
1088 3009 1163 3052 ausu
1183 2990 1340 3051 temerario
1354 2997 1456 3052 eontra
1467 2990 1521 3050 ire.

451 3070 562 3148 Siquis
579 3078 678 3131 autem
695 3070 751 3133 boe
769 3077 913 3132 attentare
932 3073 1167 3153 presumpserit,
1187 3071 1420 3152 indignationem
1434 3071 1525 3132 omni·

450 3151 578 3230 potentis
598 3152 653 3214 Dei
673 3171 707 3212 ue
730 3155 887 3214 Brutorum
910 3153 989 3216 Petri
1017 3163 1046 3216 et
1073 3154 1154 3217 Pauli
1178 3154 1384 3234 Apostolorum
1408 3153 1471 3232 ejus
1495 3170 1525 3214 se

453 3233 569 3295 noverit
586 3233 786 3296 incursurum.

493 3317 602 3377 Datum
612 3319 727 3391 llomra,
741 3315 819 3396 apud
830 3319 965 3379 Sanctum
986 3318 1107 3380 Mariam
1127 3317 1283 3396 liniarem,
1299 3334 1376 3379 anno
1392 3319 1525 3379 incarna-

452 3395 543 3456 tionis
554 3398 715 3459 Dominicae
729 3399 883 3461 millesimo
897 3401 1145 3481 'octingentesimo
1166 3400 1278 3478 primo,
1298 3397 1412 3462 decimo
1425 3405 1525 3460 oetaro

454 3475 790 3625 onlssndgsffpffibffis,
806 3481 992 3562 pontificatus
1005 3483 1097 3544 nostri
1111 3499 1188 3544 anuo
1201 3479 1342 3544 seeundo.

525 3601 533 3619 .
573 3577 588 3619 a
629 3602 637 3620 .
745 3569 785 3625 at.

855 3761 893 3820 il.
915 3757 1003 3822 Card.
1025 3757 1179 3820 Brosebius
1201 3757 1238 3820 de
1258 3757 1404 3820 Honestls.

917 3863 989 3928 Viso
1010 3863 1047 3926 de
1070 3864 1179 3943 Curia,
1203 3866 1231 3927 J.
1256 3867 1406 3926 Maarssrr.

1055 3970 1131 4033 Loto
1159 3973 1204 4062 ›1‹
1232 3967 1364 4031 Ptamot.

1193 4121 1226 4181 F.
1250 4121 1444 4181 brurezrnrus.
