3575 5625
870 1118 1097 1191 APPENDIX
1128 1118 1171 1189 Il.

924 1410 1103 1483 mutua

821 1586 1017 1651 dondrnationis
1044 1587 1223 1653 laurentianis.

485 1846 551 1911 nos
564 1844 760 1905 loannes-Bo
783 1841 865 1919 tista,
877 1838 972 1905 Tituli
979 1842 1083 1904 Sancti
1090 1838 1274 1925 Honnpbrii,
1287 1842 1406 1905 Sanctae
1415 1844 1564 1905 Romanae
1663 1806 1664 1847 ³

525 1922 661 1987 Ecclesiae
685 1926 731 1986 Pr
776 1933 844 2007 pter
870 1922 1040 1987 cardinalis
1068 1924 1267 2001 CAPRARA,
1297 1922 1561 2007 Arcbc'cpiscopus,

524 2005 692 2089 Episcopus
706 2006 846 2083 AEsiona,
871 2006 1058 2069 Sanctissimi
1073 2006 1200 2068 Domini
1216 2005 1324 2067 Nostri
1340 2010 1384 2069 Pu
1403 2008 1489 2068 Parae
1506 2026 1563 2081 sn,
1663 2010 1664 2073 t

524 2096 553 2149 et
565 2088 681 2149 Sanctae
696 2085 781 2149 Sedis
795 2092 818 2149 Α
820 2084 971 2170 postoliccc
987 2085 1028 2149 cci
1046 2088 1185 2150 Primum
1198 2084 1369 2149 Galliarum
1384 2084 1565 2169 Reipublicae

528 2167 696 2248 Consulens,
727 2190 747 2229 e
771 2170 877 2231 lutere
898 2171 1039 2253 Lepotna.
1663 2172 1664 2183 *

610 2320 760 2378 Uaracasrs
782 2318 945 2379 Gaccraaou
966 2320 1102 2389 Porcus,
1124 2319 1253 2379 Saeuam
1275 2336 1301 2377 m
1323 2320 1438 2378 Desino

484 2418 580 2563 Qus
608 2478 764 2559 praecipue
777 2476 899 2539 luerunt
919 2478 1099 2541 sanctissimi
1121 2480 1239 2542 Domini
1264 2480 1362 2541 Nostri
1376 2480 1408 2539 in
1430 2478 1493 2557 ipso
1515 2482 1564 2541 sui

486 2561 670 2641 Apostolatus
691 2558 811 2621 exordio
825 2559 1050 2634 sollicitudines,
1073 2562 1305 2640 quodomnium
1327 2563 1472 2623 bonorum
1486 2564 1565 2623 rotis

480 2643 596 2786 pmdiu
609 2641 815 2722 expetebatur,
831 2641 910 2720 quod
925 2660 941 2702 a
959 2642 1050 2705 Vobis
1065 2652 1125 2704 tam
1140 2646 1259 2705 incenso
1273 2643 1370 2704 studio
1381 2644 1566 2723 concupisce·

506 2735 588 2802 atur,
605 2734 637 2784 ut
651 2732 716 2803 post
731 2731 826 2784 tantas
841 2725 1036 2795 calamitates,
1060 2744 1125 2804 quac
1140 2746 1207 2787 cum
1222 2726 1352 2805 publica,
1370 2724 1564 2787 christianam
1663 2774 1664 2777 ,

485 2826 602 2886 quoque
615 2825 679 2868 rem
698 2805 866 2868 afflixerunt
889 2806 920 2868 in
936 2808 1051 2879 Galliis,
1075 2806 1138 2869 haec
1158 2806 1279 2870 demum
1300 2809 1330 2868 in
1345 2806 1565 2870 florentissimis
1663 2845 1664 2850 κ

484 2887 565 2950 hisce
600 2889 771 2970 regionibus
797 2890 1019 2964 restitueretur,
1052 2897 1167 2950 tantum
1199 2889 1278 2952 istud
1305 2891 1434 2967 bonum,
1462 2891 1564 2950 divina

485 2973 605 3034 tandem
620 2972 735 3033 iacente
745 2973 839 3051 gratia
849 2970 1001 3032 advenisse
1019 2972 1126 3044 Vobis,
1141 2972 1300 3034 Galliarum
1315 2973 1433 3051 Populi,
1447 2989 1564 3032 summa
1663 2991 1664 3044 j

486 3073 553 3114 cum
566 3054 722 3115 exultantis
731 3053 821 3113 animi
835 3054 1031 3114 consolatione
1041 3054 1223 3114 nuntiamus.
1232 3053 1566 3132 Apostolicassiquidem

486 3137 541 3197 sub
562 3136 683 3215 plumbo
708 3134 830 3196 Litteras
852 3135 1003 3196 Pontificio
1031 3135 1151 3196 nominc
1179 3135 1375 3214 publicamus,
1401 3135 1566 3213 inquibus

485 3219 647 3280 Consentio
667 3217 745 3277 inter
762 3217 951 3279 sanctitatem
973 3219 1061 3279 Suam
1074 3225 1104 3277 et
1120 3217 1298 3296 Reipublicae
1318 3219 1433 3278 Vestrae
1446 3217 1566 3278 Guber-

485 3301 570 3360 nium
582 3300 702 3361 Parisiis
713 3297 786 3358 inita
801 3300 970 3359 solemniter
983 3297 1184 3359 confirmatur.
1202 3299 1252 3359 Ris
1264 3299 1294 3357 in
1305 3297 1429 3368 litteris,
1444 3317 1511 3376 que
1523 3301 1565 3359 ad
1663 3333 1664 3344 κ

487 3381 711 3440 instaurandum
723 3380 753 3439 in
765 3380 865 3441 Galliis
876 3380 1026 3459 publicum
1038 3379 1193 3442 Catholicae
1203 3380 1364 3459 Religionis
1378 3380 1501 3452 cultum,
1515 3399 1565 3441 res
1663 3411 1664 3424 r

486 3461 698 3521 Ecclesiasticus
719 3462 950 3539 componendas,
978 3479 1083 3540 easque
1106 3463 1135 3522 in
1155 3459 1304 3532 universo,
1327 3481 1383 3540 qua
1405 3462 1464 3521 late
1483 3481 1566 3522 nunc

484 3547 581 3620 patet,
598 3541 777 3621 Reipublicae
796 3542 957 3613 territorio,
974 3541 1010 3601 ad
1035 3543 1167 3604 camdem
1183 3543 1306 3604 formam
1326 3553 1413 3621 atque
1427 3541 1567 3604 ordinem

486 3623 666 3684 revocandas
684 3644 699 3682 a
717 3623 876 3683 Sanctitate
900 3626 956 3683 Sua
972 3627 1128 3685 constituta
1149 3633 1233 3692 sunt,
1252 3625 1483 3686 luculentissime
1497 3645 1568 3686 eon·

484 3704 629 3766 tinentur.
646 3707 685 3763 Ra
700 3704 855 3764 saltationi
871 3705 1001 3764 locorum
1013 3725 1046 3765 ac
1059 3715 1226 3786 temporum
1240 3706 1488 3778 accommodaret,
1503 3726 1565 3768 una

483 3786 553 3847 lecit
567 3785 700 3846 Ecclesiae
711 3785 840 3857 utilitas,
856 3785 1007 3848 scrvondce
1031 3788 1160 3850 Ueientis
1180 3788 1327 3860 studium,
1347 3797 1376 3848 et
1395 3788 1567 3850 animarum

483 3869 572 3929 satus.
597 3867 653 3942 Qui
680 3865 750 3926 inde
763 3884 856 3927 novus
876 3876 998 3948 exurget
1012 3887 1113 3931 rerum
1136 3869 1399 3931 Ecclesiasticarum
1419 3869 1510 3940 ordo,
1541 3873 1566 3932 is
1662 3923 1664 3938 ,

482 3953 629 4030 prolecto,
663 3948 687 4007 si
715 3966 782 4008 cum
806 3951 955 4028 praeterita
980 3967 1081 4012 rerum
1109 3951 1331 4031 perturbatione
1356 3961 1563 4030 comparetur.
1663 3975 1664 3978 ¹

482 4031 550 4092 ficri
572 4050 631 4093 non
645 4037 754 4108 potest,
781 4032 852 4108 quin
869 4049 970 4092 omnes
985 4039 1065 4094 tanto
1079 4033 1193 4093 meliori
1208 4032 1319 4110 objecta
1336 4032 1504 4093 christiane
1519 4036 1567 4095 rei

484 4115 651 4174 mnditionc
662 4122 843 4172 recreentur.
855 4115 926 4188 Quae
938 4114 1016 4174 enim
1027 4114 1089 4176 iere
1101 4113 1251 4193 deperdita
1263 4116 1414 4183 inGaltiis,
1427 4115 1565 4177 omnium

482 4196 574 4256 oculis
584 4194 753 4265 videbatur,
770 4213 802 4254 ee
818 4213 897 4254 nunc
908 4194 1045 4274 pracsidio
1058 4199 1178 4274 Legum,
1193 4197 1387 4274 Supremique
1398 4199 1565 4276 Regiminis

482 4278 658 4340 auctoritate
674 4276 784 4338 mirum
800 4278 832 4336 in
848 4275 970 4339 modum
993 4278 1150 4340 reviviscit.
1167 4279 1283 4340 Primus
1298 4295 1368 4339 vero
1382 4277 1565 4359 Reipublicae

567 4413 584 4452 η’
