3575 5625
689 583 831 655 -tot
863 626 912 641 -

300 732 346 811 (8)
369 735 444 814 Cep.
461 734 481 793 l
498 730 534 793 de
551 729 658 793 arbitr.
674 732 763 810 Cujus
781 730 933 793 historiam
947 731 1038 793 trudit
1059 736 1210 816 uentique
1229 737 1337 801 onnol.

256 815 447 876 Cisteret’erts.
476 824 547 875 tom.
575 816 594 875 5
620 832 673 873 ort.
703 816 763 875 204
789 833 857 896 cop.
886 816 916 875 b.
943 816 1049 877 center
1072 820 1161 879 etium
1187 820 1338 900 Cojseium

255 894 374 957 obrem.
392 894 441 956 lib.
460 898 499 956 15
515 913 581 977 cap.
606 897 645 955 25
665 914 733 977 opp.
755 904 826 957 tom.
845 897 863 955 5
882 892 937 957 col.
956 898 1017 957 ott
1031 894 1100 959 edit.
1121 901 1173 962 eit.

299 977 345 1058 (9)
367 982 439 1059 Cep.
456 978 476 1036 8
490 974 527 1038 de
537 976 667 1038 arbitris.
681 976 745 1059 (to)
757 980 829 1060 Cap.
846 978 864 1036 9
877 976 944 1039 eod.

309 1158 341 1257 ς.
370 1156 460 1227 Vlll.
496 1158 580 1229 Tem
613 1183 719 1248 unns,
752 1184 851 1255 quam
885 1158 996 1254 plures
1033 1159 1147 1231 arbitri
1185 1166 1340 1236 constitui

256 1271 422 1354 possunt,
456 1258 545 1351 iique
577 1271 649 1325 tum
680 1282 793 1353 peres,
828 1271 899 1326 tum
932 1258 1073 1354 imperes
1110 1285 1271 1349 numer03
1295 1261 1341 1333 li-

257 1372 314 1427 cet
343 1356 441 1424 satius
469 1356 510 1423 sit
541 1356 681 1450 imperes
717 1378 855 1425 numero
886 1353 1026 1449 eligere,
1060 1373 1098 1427 ut
1131 1356 1194 1429 hoc
1224 1360 1340 1449 modo,

258 1455 287 1523 si
333 1451 541 1542 dissentiant,
574 1466 682 1521 ratum
717 1450 852 1522 firmum
888 1450 1047 1524 habeatnr
1079 1454 1169 1552 quod
1207 1482 1226 1527 a
1263 1457 1344 1555 plu·

258 1550 354 1621 ribus
395 1547 570 1619 delinitum
610 1547 712 1619 luerit
749 1549 817 1643 (l).
856 1548 941 1621 Nem
984 1553 1101 1621 scitum
1141 1568 1208 1643 est,
1250 1557 1340 1650 quod

259 1672 341 1717 cum
373 1648 539 1737 omnium,
576 1649 634 1743 qui
683 1645 791 1716 udices
826 1644 894 1716 doti
929 1664 1027 1737 sunt,
1061 1654 1231 1722 sententiae
1257 1654 1345 1723 iuter

259 1770 296 1815 se
323 1770 389 1816 non
421 1746 642 1831 conveniunt,
664 1674 759 1813 litem
788 1746 865 1815 finit
889 1742 1074 1842 judicium,
1108 1747 1199 1843 quod
1231 1746 1344 1845 plures

260 1866 403 1912 numero
431 1840 625 1926 ediderunt3
664 1866 739 1911 eum
773 1858 883 1911 eutem
920 1846 1029 1914 cuncti
1066 1861 1144 1915 sunt
1189 1848 1344 1944 opinione

260 1936 448 2029 discordes,
493 1938 665 2036 praelertur
721 1942 880 2010 sententia
931 1942 1024 2038 ejus,
1072 1944 1130 2036 qni
1180 1948 1343 2015 minorem

260 2062 423 2107 summam
459 2038 647 2126 constitnit,
685 2041 839 2133 qnoniam
877 2063 1004 2107 summa
1041 2042 1149 2110 minor
1193 2045 1228 2112 in
1269 2068 1344 2112 ma·

256 2135 326 2231 jori
351 2136 553 2224 continetur,
576 2133 716 2232 ideoque
735 2160 848 2207 omnes
869 2137 903 2206 in
927 2160 998 2206 eam
1020 2155 1253 2211 eonsenserunt
1273 2140 1340 2237 (2).

305 2333 349 2413 (l)
373 2334 447 2415 Gap.
467 2335 480 2391 l
498 2330 534 2393 de
550 2330 687 2393 arbitrie.

260 2414 476 2579 qugtfflgd
495 2412 561 2475 eod.
585 2414 617 2475 t'rt
631 2417 662 2489 6,·
678 2418 710 2475 L.
732 2416 771 2474 52
785 2412 813 2495 S.
829 2414 865 2477 Si
874 2410 979 2498 plttres
994 2414 1029 2497 ff.
1048 2414 1086 2478 de
1105 2426 1210 2501 recept.
1235 2416 1342 2481 arbitr.

314 2673 344 2775 ς.
375 2675 442 2749 ΙΧ.
469 2676 549 2747 lure
581 2672 688 2764 civili,
727 2700 801 2745 cum
835 2674 947 2770 plures
979 2675 1093 2747 arbitri
1122 2676 1217 2748 electi
1245 2696 1343 2768 sunt,

264 2799 384 2846 omnes
421 2776 622 2874 conjunctim
660 2771 809 2869 judicare
844 2771 987 2862 debent;
1021 2775 1082 2846 nisi
1117 2789 1249 2846 mutum
1282 2802 1347 2848 no·

265 2874 418 2943 minutim
453 2875 513 2962 sit,
544 2888 582 2944 ut
610 2895 678 2942 uno
710 2869 863 2959 absente,
889 2872 1008 2967 reliqui
1044 2874 1211 2966 negotium
1243 2899 1347 2971 expe-

265 2969 363 3040 diant
386 2970 452 3066 (l).
488 2970 533 3040 At
557 2972 635 3068 jure
669 2970 824 3040 canonico
854 2969 880 3038 si
916 2995 1002 3039 nnus
1029 2971 1163 3057 citatus,
1194 2995 1256 3039 nee
1281 2972 1348 3039 im-

266 3067 400 3162 peditus
444 3066 552 3138 adesse
591 3066 695 3156 nolit,
734 3080 821 3136 recte
867 3079 1048 3161 presentes
1095 3069 1348 3136 oontrorersiam

267 3165 395 3235 finiunt
426 3164 503 3331 Q
545 3163 637 3261 quod
673 3165 849 3235 rectissime
888 3165 1050 3233 sancitum
1087 3177 1158 3250 est,
1207 3178 1246 3232 ut
1276 3162 1348 3235 lites

265 3264 391 3332 exitum
424 3262 466 3332 hu
490 3278 566 3332 eant
597 3261 796 3332 celeriorem.
831 3257 932 3346 Quod
963 3262 988 3336 si
1021 3257 1087 3331 duo
1119 3259 1233 3330 arbitri
1266 3286 1349 3333 oon-

266 3362 376 3430 stituti
412 3363 497 3448 sint,
536 3361 625 3454 iique
665 3360 751 3428 inter
783 3382 816 3426 se
852 3359 886 3425 in
917 3356 1098 3454 judicando
1134 3356 1345 3447 dissentiant,

265 3455 449 3528 secundum
483 3459 538 3554 jus
580 3453 672 3525 civile
700 3455 815 3524 tertius
857 3458 998 3525 sumitur
1039 3457 1074 3524 in
1116 3460 1348 3551 compromisso

265 3554 475 3647 designatus,
515 3551 572 3623 sed
602 3577 641 3622 eo
679 3576 748 3621 non
785 3549 975 3644 designato,
1024 3549 1159 3622 solvitur
1191 3577 1348 3649 oompro·

266 3654 424 3740 missum,
461 3653 617 3747 quoniam
651 3651 686 3718 in
718 3647 780 3719 hoc
815 3652 912 3718 tertio
946 3647 1096 3744 eligendo
1132 3648 1245 3718 arbitri
1278 3649 1348 3719 dis-

264 3751 390 3819 sentire
425 3763 561 3844 possunt
593 3747 660 3843 (5).
693 3744 759 3816 Sed
793 3744 895 3816 hodie
926 3772 1055 3842 semper
1093 3745 1221 3816 duobus
1257 3745 1348 3815 orbi-

264 3849 348 3933 tris‚
395 3871 535 3943 quorum
580 3860 628 3916 est
667 3841 819 3912 dissimile
858 3842 1043 3939 judicium,
1092 3845 1257 3935 integrum
1298 3858 1346 3912 est

265 3945 425 4033 tertium,
468 3945 564 4012 etiam
604 3966 672 4013 nou
714 3942 939 4030 nominatum,
978 3965 1124 4028 sumere,
1158 3941 1215 4034 qui
1252 3937 1345 4005 litem

263 4041 383 4128 finiat,
412 4039 511 4111 modo
537 4039 699 4134 litigantes
734 4061 880 4133 expresse
911 4063 980 4108 non
1010 4033 1234 4107 contradicent
1269 4031 1343 4127 (4);

260 4137 461 4236 quodjuris
485 4139 629 4208 canonici
656 4134 834 4232 disciplinae
860 4150 1115 4206 consentaneum
1147 4127 1292 4295 estigi).

374 4259 450 4306 ron.
481 4259 516 4305 ιι.
