3575 5625
894 635 939 653 -
972 595 1117 666 luo-

462 746 658 828 cognitionem
673 763 738 806 rem
763 744 927 823 pertinere,
952 751 1040 822 atque
1067 743 1210 822 ajentem,
1232 743 1328 821 ipsam
1347 761 1407 804 non
1424 759 1547 823 cognos-

463 848 546 904 cere,
572 828 625 888 sed
638 826 768 904 judicem
788 826 859 886 dare
874 824 1025 902 debuisse,
1044 827 1122 904 apud
1142 844 1174 886 se
1188 842 1304 886 causam
1322 843 1409 906 agere
1432 825 1544 904 coegit.

465 911 597 983 Scilicet,
624 927 692 968 eum
706 907 810 968 ordine
829 916 858 968 et
869 907 938 985 jure
954 910 984 966 in
999 906 1203 986 jurisdictione
1217 914 1347 985 recepto,
1367 907 1489 967 Praetori
1505 905 1546 966 li-

465 999 545 1051 ceret
561 988 693 1067 judicem
714 989 797 1065 dare,
821 987 901 1066 quod
920 996 963 1048 est
984 987 1187 1066 jurisdietonis
1202 989 1236 1048 L.
1261 985 1384 1070 51111
1405 985 1542 1063 111111,

464 1091 498 1132 ae
513 1071 584 1132 dare
602 1071 692 1130 etiam
715 1088 769 1148 pre
789 1077 933 1150 potestate
954 1071 1056 1132 salitus
1073 1077 1165 1146 esset,
1194 1069 1455 1130 extraordinariam
1481 1085 1547 1128 esse

465 1152 596 1232 oportuit
619 1153 832 1232 cognitionem,
856 1169 946 1230 quam
970 1152 1033 1230 ipse
1060 1159 1181 1232 cogente
1204 1150 1301 1212 officio
1317 1150 1493 1229 suscipiebat
1513 1157 1547 1208 et

465 1252 555 1313 quam
576 1233 661 1294 alteri
683 1233 867 1292 committere
890 1249 951 1293 non
972 1239 1096 1311 poterat.
1112 1235 1208 1312 Atque
1227 1231 1286 1292 bue
1310 1232 1448 1309 equidem
1470 1231 1548 1291 rele-

467 1315 594 1375 rendum
608 1314 737 1375 arbitror
754 1314 834 1391 quod
852 1310 891 1372 dc
917 1315 1035 1375 Nerone
1052 1323 1151 1374 uenat
1167 1315 1284 1376 Tacitus
1303 1310 1413 1372 Annnl.
1432 1309 1483 1372 lib.
1504 1313 1547 1372 15

466 1415 533 1478 cup.
552 1398 586 1456 bl
607 1403 677 1457 tom.
702 1398 716 1456 1
741 1411 816 1476 pop.
835 1395 897 1455 890
914 1393 961 1455 ed.
983 1393 1105 1456 Arutel.
1129 1397 1221 1471 1675,
1238 1413 1326 1474 quem
1343 1395 1385 1454 ait
1406 1392 1545 1462 edixisse,

467 1486 501 1539 ut
516 1479 617 1538 llornoe
633 1479 767 1551 Praetor5
782 1493 837 1556 per
851 1475 1040 1558 provincius,
1056 1477 1113 1560 qui
1122 1495 1181 1559 pro
1199 1479 1332 1539 Pretorc
1350 1483 1404 1536 out
1420 1471 1548 1536 Consule

466 1565 577 1633 essent,
603 1557 670 1618 'uro
686 1556 830 1619 adversus
844 1555 1018 1640 publicanos
1035 1566 1121 1618 eatro
1144 1556 1280 1619 ordinent
1298 1555 1464 1618 redderent.
1487 1555 1547 1618 alti

468 1578 713 1734 extraordinarias
737 1639 917 1734 cognitiones
945 1647 1066 1734 vocant,
1093 1638 1263 1717 dequibus
1290 1637 1371 1698 nulla
1396 1637 1550 1700 ordinaria

468 1723 1381 1882 11111.11111111111111111111
1388 1725 1550 1864 „altat

468 1883 699 1965 cognitionibus,
720 1902 788 1961 quae
803 1884 984 1943 ordinariam
998 1882 1146 1944 habebant
1163 1884 1306 1944 actionem
1325 1891 1463 1960 certoque
1480 1881 1551 1960 jure

470 1965 651 2026 nitebantur.
677 1967 785 2025 Contra
810 1963 875 2024 aliis
899 1965 1047 2024 ordinaria
1072 1965 1199 2045 cognitio
1220 1972 1281 2040 est,
1307 1984 1372 2042 quaa
1396 1963 1550 2044 judicibus

469 2045 545 2105 datis
569 2044 718 2122 competit·
743 2045 869 2106 Consule
892 2045 1049 2107 bonallam
1078 2044 1207 2108 delur.
1230 2043 1311 2107 civil.
1330 2043 1380 2106 lab.
1400 2047 1418 2106 8
1442 2047 1549 2126 copi
1677 2091 1678 2100 ,

470 2121 1550 2267 111111111.101111169511111.171111111191110
1677 2171 1678 2186 .

472 2209 590 2349 ioiiied
611 2225 666 2348 iii.
679 2288 698 2348 2
712 2306 778 2382 cop.
797 2290 839 2348 10
862 2296 974 2429 1111111.
992 2291 1011 2350 5
1026 2308 1059 2370 p.
1078 2291 1135 2351 187
1152 2297 1180 2350 et
1193 2307 1255 2373 sep.
1273 2287 1318 2350 ed.
1339 2292 1437 2370 Nenp.
1455 2291 1549 2352 1761.
1677 2297 1678 2338 l

471 2373 584 2432 Verum
608 2369 730 2430 incultas
746 2367 865 2446 Judican
891 2370 917 2446 ¹,
947 2369 1009 2430 sive
1035 2371 1200 2447 ordinaria,
1222 2373 1284 2432 sive
1305 2370 1549 2448 extraordinaria,

472 2450 561 2530 vulgo
575 2451 702 2530 cognitio
718 2450 829 2511 dieitur
845 2451 879 2510 L.
898 2449 1015 2532 penult.
1030 2450 1120 2533 1111
1137 2450 1255 2514 luriad.
1272 2471 1352 2514 omn.
1363 2451 1435 2534 jud.
1452 2457 1551 2529 Quare

472 2532 576 2592 titulus
591 2531 654 2607 bic,
673 2532 724 2609 qui
745 2532 777 2592 in
794 2533 981 2612 Gregorianis
997 2532 1191 2595 decretalibus
1206 2542 1250 2593 est
1266 2532 1301 2596 dc
1320 2533 1431 2596 Ordine
1447 2535 1553 2628 capai-

472 2612 602 2689 tioaum,
630 2613 660 2672 in
684 2613 779 2690 prima
797 2614 1003 2692 compilatione
1030 2615 1202 2676 inscribitur
1225 2612 1261 2676 de
1290 2613 1398 2677 Ordine
1416 2614 1553 2698 judicab-

471 2713 557 2770 rum,
575 2694 657 2771 quasi
673 2692 753 2754 idem
765 2692 918 2777 judicium
938 2703 968 2756 et
981 2694 1107 2777 copositio
1124 2697 1173 2769 sit,
1186 2705 1220 2757 ut
1233 2697 1264 2757 in
1279 2716 1344 2779 cop.
1361 2699 1373 2757 1
1394 2705 1422 2757 et
1433 2695 1549 2779 penult.

472 2773 507 2837 de
523 2773 631 2837 Ordin.
651 2793 666 2838 c
705 2774 862 2839 aitionoles
881 2777 1043 2839 sententiar
1054 2787 1202 2841 memoret
1220 2779 1291 2863 Lep.
1311 2776 1394 2841 unic.
1420 2778 1485 2841 cod.
1515 2777 1552 2841 de

470 2866 583 2920 senten.
603 2877 645 2939 pr
667 2793 823 2940 iprae,
845 2866 873 2919 et
893 2862 930 2920 t.
953 2862 992 2921 15
1014 2857 1079 2920 cod.
1105 2858 1140 2922 de
1165 2862 1247 2923 Sent.
1268 2870 1298 2923 et
1311 2858 1461 3003 interlog,
1484 2880 1553 2938 quas

471 2940 582 3001 scilicet
599 2958 684 3000 eausa
703 2942 818 3021 cognita
836 2941 989 3017 feruntur3
1015 2952 1045 3002 et
1065 2942 1096 3003 in
1121 2943 1191 3025 Lep.
1213 2941 1269 3004 111.
1296 2940 1323 3023 S.
1353 2938 1414 3003 1111
1459 2943 1551 3003 etiam

472 3018 537 3083 eod.
563 3019 599 3082 de
615 3030 705 3103 temp.
724 3031 753 3083 et
769 3030 903 3103 reperet.
926 3024 1054 3083 occurrit
1075 3025 1200 3087 verbum
1220 3020 1470 3106 cognitionaliter,
1490 3042 1552 3103 quo

472 3102 654 3184 significatur
669 3102 717 3181 id,
743 3104 824 3183 quod
847 3110 931 3184 parte
953 3112 1077 3186 utraque
1097 3114 1242 3185 praesente
1256 3115 1285 3166 et
1307 3105 1440 3167 adbibita
1458 3124 1553 3166 causoe
1677 3105 1678 3195 J

474 3185 658 3266 cognitione,
674 3193 790 3267 gestum
801 3194 858 3247 est.

522 3361 553 3459 §.
610 3362 653 3432 ll.
702 3362 945 3460 Praejudiciales
995 3366 1192 3459 quaestiones
1243 3364 1414 3438 noscendae
1463 3366 1554 3437 deli-
1677 3396 1678 3399 ¹

473 3456 669 3554 niendaeque
700 3476 799 3548 sunt,
832 3476 908 3531 ante
935 3486 1008 3530 uam
1038 3487 1133 3533 causa
1162 3462 1283 3553 altera,
1314 3488 1388 3560 quae
1418 3489 1457 3535 ex
1488 3463 1553 3534 illis
1677 3514 1678 3557 1

473 3552 615 3649 pendet,
650 3572 875 3650 cognoscatur.
910 3486 932 3627 i

691 2208 766 2268 1551
797 2213 826 2268 et
850 2225 913 2289 aeq.
934 2205 980 2268 ed.
1000 2208 1089 2270 luere
1103 2215 1133 2267 et
1160 2209 1325 2287 Scipionem
1349 2209 1494 2271 Gentilem
1513 2207 1551 2270 de
1677 2229 1678 2296 1

932 3572 964 3629 ta
1003 3560 1030 3629 si
1066 3586 1132 3656 qua
1166 3561 1283 3633 mulier
1314 3560 1476 3651 affirmet,
1519 3587 1554 3633 se
1677 3592 1678 3615 ι

474 3676 550 3719 cum
585 3667 675 3722 certo
711 3652 845 3724 bomine
880 3657 988 3727 iniisse
1031 3659 1296 3749 matrimonium,
1338 3662 1430 3755 isque
1461 3662 1553 3731 exci-
1677 3700 1678 3755 1

474 3748 562 3843 piat,
605 3746 688 3819 illud
723 3753 898 3823 consistere
931 3778 999 3824 non
1039 3757 1182 3919 potuisse
1230 3772 1367 3853 propter
1405 3756 1553 3854 impedi·

475 3860 626 3914 mentum
655 3850 875 3941 cognationis,
912 3866 1007 3920 antea

1065 3874 1111 3922 aec
1147 3856 1293 3949 exceptio
1327 3853 1554 3949 cognoscenda
1677 3848 1678 3927 i

473 3957 542 4029 est,
592 3946 748 4040 quoniam
790 3970 828 4015 ea
870 3948 1000 4041 cognite
1060 3974 1098 4019 sc
1143 3948 1300 4041 definita,
1350 3952 1552 4023 matrimonii
1677 3960 1678 4045 1

475 4042 611 4137 questio
646 4041 810 4113 dirimitur
844 4042 912 4140 (i).
949 4042 1106 4117 Similiter
1137 4050 1284 4144 exceptio
1323 4049 1554 4119 exeommuni-
1677 4050 1678 4079 ¹

475 4140 608 4211 cationis
648 4154 725 4211 ante
764 4166 915 4231 oausam,
961 4142 1002 4215 de
1048 4170 1113 4241 qua
1156 4147 1323 4243 praecipue
1367 4148 1551 4242 quaeritur,
1677 4198 1678 4231 ,
