3575 5625
904 633 1126 704 -156-

527 781 559 881 ς.
588 779 693 852 XXI.
737 778 845 852 Cessio
893 780 1075 868 bonorum,
1114 806 1153 851 ex
1186 779 1360 851 Theodosii
1390 783 1554 851 constitn-

479 885 588 970 tione,
627 880 696 950 sola
734 877 909 950 voluntatis
938 879 1136 975 professione
1169 893 1203 948 et
1238 877 1327 947 nuda
1358 903 1435 950 voce
1462 904 1555 974 pera-

477 982 566 1074 gitur
594 977 670 1074 (1);
704 974 762 1046 sed
789 979 825 1046 in
852 976 931 1048 locis
971 974 1193 1073 compluribus
1227 975 1416 1046 solemniter
1452 978 1556 1073 impe·

477 1074 595 1147 tranda
623 1091 672 1145 est
709 1075 785 1168 (2),
824 1076 861 1143 in
890 1099 994 1170 eaque
1025 1072 1204 1144 emittenda
1227 1072 1453 1144 contumeliosi
1482 1077 1556 1170 qui-

478 1174 555 1244 dam
580 1176 663 1244 ritus
687 1170 886 1243 adhibentur
916 1173 983 1269 (5).
1015 1171 1135 1242 Differt
1165 1197 1183 1240 a
1217 1174 1359 1243 cessione
1390 1171 1555 1242 bonorum

478 1271 608 1359 dilatio,
658 1295 714 1341 seu
753 1271 918 1367 justitium
973 1271 1212 1366 quinquennii,
1271 1266 1362 1365 quod
1424 1283 1557 1340 tantum

476 1371 633 1467 principis
672 1365 854 1456 beneficio,
901 1392 969 1438 non
1010 1393 1028 1436 a
1070 1368 1149 1465 jure
1187 1368 1307 1463 scripto
1348 1365 1552 1442 conceditur.

477 1469 543 1537 Dat
585 1468 741 1562 princeps
778 1463 866 1536 banc
907 1464 1120 1554 dilationem,
1155 1490 1230 1534 cum
1259 1464 1407 1560 plerique
1442 1463 1556 1536 credi-

479 1580 566 1636 tores
603 1564 814 1635 oonsentiunt
858 1563 937 1658 (d),
969 1565 1092 1660 quique
1125 1587 1197 1632 eam
1235 1563 1442 1659 impetrarit,
1480 1587 1557 1632 am-

477 1662 565 1758 plius
592 1677 667 1758 post
700 1663 965 1758 quinquennium
996 1659 1082 1730 bona
1111 1659 1227 1732 cedere
1249 1685 1318 1732 non
1344 1675 1451 1756 potest
1479 1660 1553 1757 (5).

478 1759 551 1830 lmo
581 1761 721 1855 nequis
759 1761 915 1855 principis
946 1757 1106 1830 beneficio
1138 1757 1312 1847 abutatur,
1342 1757 1453 1828 dilatio
1485 1783 1557 1828 non

479 1856 683 1942 conceditur,
720 1858 781 1925 nisi
816 1859 888 1950 quis
922 1871 1031 1927 careat
1064 1881 1150 1946 sese,
1180 1858 1299 1926 exactis
1334 1857 1556 1954 quinquennii

479 1953 630 2041 induciis,
655 1952 870 2023 creditoribus
899 1954 1137 2023 satisfacturum
1163 1953 1230 2049 (6).

516 2145 558 2227 (Ι)
580 2151 612 2207 L.
627 2149 645 2206 6
660 2144 726 2206 cod.
745 2143 881 2221 Quibou.
893 2145 989 2208 ceder.
1003 2167 1084 2230 poss.

516 2229 548 2390 (9
578 2229 686 2290 Confer
697 2231 823 2322 Voetum
836 2228 868 2288 iu
879 2228 1017 2311 pandect.
1034 2229 1084 2326 lib.
1102 2231 1203 2326 ⁴²!st
1220 2234 1238 2292 3
1254 2250 1338 2326 atuor.
1356 2233 1387 2292 6.

531 2313 549 2370 ὅ
582 2314 693 2371 Verum
712 2328 871 2370 cessionem
889 2312 1034 2372 bonorum
1049 2314 1199 2373 rulamram
1222 2332 1280 2375 non
1297 2331 1443 2392 irrogare,
1458 2321 1557 2375 statu-

476 2404 540 2488 tum
556 2401 599 2451 est
613 2393 651 2452 ab
672 2391 837 2486 Menandro
853 2397 934 2488 lurp..
945 2393 976 2488 in
990 2398 1023 2454 L.
1041 2398 1073 2454 tr
1094 2392 1159 2455 cod.
1174 2393 1315 2537 Expuib.
1329 2413 1417 2488 ¹corto¹
1441 2393 1554 2477 issara.

475 2492 584 2618 {llll
597 2473 1041 2616 tttttlttttftttllltt
1062 2473 1172 2617 llll·
1188 2495 1225 2618 ll
1250 2474 1554 2618 ‘dmalll‘r'lll

477 2639 574 2712 tras,
591 2644 621 2696 er
644 2598 818 2717 arrigunt}
833 2635 875 2697 aa
889 2601 1049 2699 concitari
1071 2639 1104 2698 ra
1118 2577 1220 2700 dio.
1236 2577 1265 2698 l
1279 2577 1323 2700 l'r
1346 2639 1393 2699 ur.
1412 2577 1556 2721 risaei}

471 2716 567 2800 judic.
585 2737 653 2798 opp.
668 2726 737 2778 tom.
756 2720 790 2779 ll
810 2727 873 2778 not.
890 2721 930 2779 Ἠ
945 2717 998 2781 rol.
1017 2722 1076 2782 2⁸65
1091 2717 1160 2780 edit.
1174 2721 1224 2782 rit.

517 2798 560 2881 (l)
580 2801 672 2879 blajor
686 2818 753 2879 pers
766 2799 946 2861 creditorum
961 2821 1019 2862 non
1034 2821 1069 2862 er
1085 2820 1275 2881 personarum
1291 2821 1430 2879 numero,
1447 2805 1498 2865 sed
1516 2824 1557 2867 err

476 2882 568 2943 debiti
582 2884 745 2960 quantitate
757 2884 919 2943 estimatur
933 2886 965 2943 L.
980 2880 1036 2943 ult.
1053 2883 1117 2945 cod.
1135 2884 1196 2961 Qui
1207 2882 1263 2945 bon
1276 2882 1370 2945 ceder.
1384 2904 1464 2967 poss.

517 2964 558 3045 (5)
580 2965 704 3025 Consule
719 2965 866 3043 Cujocium
892 2964 925 3023 in
943 2962 1006 3025 rod.
1024 2962 1044 3025 l.
1065 2968 1082 3025 7
1100 2964 1146 3026 ot.
1164 2970 1198 3027 71
1219 2986 1288 3048 opp.
1306 2973 1328 3025 t.
1352 2968 1370 3025 9
1394 2966 1450 3029 col.
1473 2970 1556 3029 1058
1678 2972 1679 3013 ἐ

475 3043 612 3209 gdlibelii
628 3130 647 3188 l
662 3126 726 3190 cod.
744 3126 780 3188 de
788 3126 898 3209 precib.
914 3128 1086 3208 imperator.
1099 3126 1219 3211 offerere.

525 3304 557 3403 (.
586 3305 697 3377 xxn.
746 3305 834 3377 Sunt
878 3306 1048 3396 nonnulli,
1098 3310 1155 3403 qui
1196 3307 1360 3379 bonorum
1409 3313 1556 3383 cessione

476 3428 543 3472 non
584 3402 748 3496 indigent,
796 3418 834 3471 ut
871 3429 889 3471 a
934 3404 1115 3475 carceribus
1158 3403 1360 3495 liberentur,
1394 3412 1553 3504 quoniam

475 3498 598 3569 habent
632 3497 833 3570 beneficium
858 3508 1114 3597 competentiae,
1151 3518 1189 3572 ut
1220 3518 1357 3591 vocant,
1396 3505 1487 3600 quod
1517 3510 1554 3577 in

476 3622 515 3666 co
539 3598 682 3692 positum
712 3612 781 3684 est,
813 3613 850 3666 ut
874 3597 907 3667 id
943 3614 1094 3687 tantum,
1130 3598 1220 3695 quod
1253 3600 1356 3671 lacere
1389 3621 1553 3698 possunt,

473 3708 630 3789 praesture
663 3709 832 3786 cogantur.
869 3695 916 3765 Eo
950 3694 1109 3766 beneficio
1149 3724 1167 3767 a
1196 3700 1272 3796 jure
1311 3698 1395 3768 cirili
1437 3698 1555 3771 donati
1675 3764 1676 3771 ,

474 3805 550 3860 sunt
584 3806 754 3884 parentes,
793 3795 944 3887 patroni,
985 3795 1107 3882 socius,
1141 3798 1274 3865 maritus
1305 3795 1346 3864 ad
1381 3796 1465 3867 dotis
1495 3824 1555 3868 re-

473 3890 675 3958 stitutionem
716 3887 757 3956 cb
803 3912 922 3978 uxore,
965 3888 1154 3962 donatore
1192 3893 1359 3965 donatario
1401 3920 1556 3966 eonven-

472 4002 526 4056 tus
563 3985 638 4083 (l),
679 3984 739 4057 filii
777 3984 913 4056 familias
946 3988 980 4056 in
1012 3988 1068 4085 jus
1099 3992 1202 4060 vocati
1235 4015 1296 4086 pro
1328 3994 1556 4063 contractibus
1674 3994 1675 4019 l

475 4086 591 4181 gestis,
620 4108 694 4153 cum
723 4084 758 4153 in
786 4086 891 4178 patria
920 4100 1081 4181 potestate
1105 4102 1232 4176 essent,
1266 4091 1290 4157 si
1324 4092 1425 4184 patris
1450 4089 1555 4161 here-

472 4182 608 4252 ditatem
646 4206 715 4253 non
753 4181 967 4254 obtinuerunt
999 4183 1065 4279 (Ξ).
1110 4184 1199 4254 ldem
1243 4186 1304 4257 hoe
1349 4186 1551 4258 beneficium
1673 4224 1674 4275 ς
