3575 5625
904 644 1050 715 -200
1075 684 1123 700 -

517 791 1537 879 (l)Actlt.riecemitcari.derecept.etarbitr.;llacel.82rap.lt§.l.
1651 811 1652 848 t

520 882 561 961 (il
584 885 656 962 Cap.
676 878 744 941 isle
756 876 862 940 arbitr.

519 962 560 1043 (5)
581 967 613 1024 L.
631 964 670 1023 32
684 960 711 1043 §.
727 958 782 1023 ult.
798 961 832 1043 ff.
848 958 884 1021 de
895 967 1015 1042 recept.,·
1027 979 1094 1043 cap.
1110 958 1177 1021 irie
1192 958 1297 1023 arbitr.

519 1044 561 1125 (L)
583 1048 614 1107 L.
632 1048 651 1107 2
665 1044 698 1127 ff.
712 1042 747 1105 dc
762 1050 881 1125 recept.,·
893 1061 958 1124 cap.
975 1041 1041 1104 ode
1054 1040 1158 1105 arbitr.

518 1126 560 1207 (ὅ)
582 1129 614 1188 L.
632 1128 671 1187 52
687 1124 713 1207 5.
729 1122 785 1187 alt.
799 1123 951 1208 derecept.

521 1210 562 1285 ((i)
583 1211 615 1270 L.
633 1212 649 1269 b
663 1206 727 1269 aad.
741 1206 777 1269 de
789 1216 894 1289 recept.
908 1214 938 1268 et
948 1204 1052 1269 arbitr.

518 1290 560 1372 (7)
582 1292 687 1353 Confer
699 1290 876 1354 Gudelinum
892 1287 927 1349 dc
940 1293 1011 1351 Jur.
1034 1288 1187 1351 misam.
1203 1286 1253 1351 tit.
1270 1290 1290 1349 5
1309 1308 1376 1371 cap.
1394 1290 1544 1351 bantratt
1653 1343 1654 1348 ,

477 1382 505 1433 et
520 1390 595 1455 sep,
619 1373 759 1434 Vinnium
780 1370 816 1432 de
833 1371 934 1433 Pactia
954 1390 1021 1453 cap.
1042 1374 1078 1466 J,-
1100 1376 1225 1433 Vaetum
1241 1368 1282 1431 ad
1299 1368 1544 1434 emereatur

479 1455 523 1517 tit.
542 1458 581 1517 ll
595 1475 627 1515 a.
642 1456 677 1530 9,·
693 1454 826 1516 Grotium
840 1452 966 1515 manua.
982 1450 1161 1537 adparicpr.
1179 1450 1322 1515 nataae.
1339 1451 1360 1514 i.
1378 1456 1396 1514 5
1412 1472 1438 1515 c.
1454 1459 1484 1516 t.
1653 1467 1654 1492 ι

522 1608 552 1709 5.
580 1608 653 1678 Vll.
685 1608 829 1698 Omnes,
866 1612 924 1706 qui
950 1608 1095 1706 jndices,
1135 1612 1157 1680 ii
1197 1610 1299 1680 ferme
1320 1596 1443 1679 'arbitri
1473 1636 1539 1681 esso

477 1722 635 1806 possunt,
676 1710 740 1779 sive
778 1712 843 1778 sint
876 1708 992 1804 privati
1024 1707 1192 1796 homines,
1238 1709 1303 1778 sire
1342 1709 1543 1802 magistratus

477 1806 550 1904 (l),
581 1806 746 1905 judicasse
776 1805 952 1895 ordinarii,
985 1820 1042 1875 aut
1068 1804 1206 1901 delegati
1234 1804 1301 1902 (ἢ).
1326 1804 1416 1889 Quin
1445 1808 1543 1877 etiam
1654 1857 1655 1896 ,

477 1904 518 1974 ab
545 1905 604 1977 boc
625 1905 733 1977 officia
758 1928 824 1975 nan
849 1902 1053 1998 repelluntur
1081 1904 1216 1975 infames
1246 1921 1279 1975 et
1306 1902 1450 1973 libertini
1476 1903 1543 2000 (ὅ).
1654 1901 1655 1930 ³

477 2002 536 2072 filii
575 2028 705 2099 quoque
735 2026 861 2072 causam
895 2002 997 2097 patris
1032 2026 1224 2096 cognoscere
1259 2026 1327 2073 non
1365 1979 1546 2097 probiben-⁴
1655 2075 1656 2096 ,

477 2116 531 2169 tur
570 2098 767 2195 (a).l1aud
795 2115 907 2169 tamen
939 2096 1055 2167 arbitri
1087 2102 1239 2171 constitui
1269 2115 1405 2198 possunt
1442 2104 1544 2187 sarri,
1655 2099 1656 2112 ¹

480 2196 616 2295 pupilli,
646 2196 776 2285 furiosi,
820 2211 965 2267 amentes
995 2214 1030 2267 et
1055 2196 1174 2270 similes
1209 2198 1282 2294 (5),
1318 2199 1458 2268 minores
1487 2225 1546 2268 an-

481 2299 530 2366 nis
560 2296 672 2390 viginti
700 2296 773 2393 (o),
807 2298 953 2390 itemque
986 2318 1026 2365 ex
1059 2295 1139 2367 lure
1177 2295 1260 2368 cirili
1291 2294 1440 2365 mulieres
1470 2296 1545 2392 (7);

481 2418 678 2491 quamquam
709 2396 753 2464 eis
789 2395 837 2463 'us
871 2392 1062 2464 canonicum
1095 2394 1264 2465 arbitrium
1298 2396 1489 2489 permittat,
1522 2396 1546 2463 si
1655 2405 1656 2408 ’

478 2492 569 2587 lege,
599 2507 655 2560 aut
697 2420 840 2563 moribus
880 2489 1075 2562 ordinariam
1117 2492 1258 2563 babeant
1287 2490 1546 2589 jurisdictionem

481 2592 549 2687 (8).
593 2590 683 2660 Laici
721 2614 852 2687 quoque
889 2590 924 2656 in
959 2589 1055 2661 rebus
1089 2590 1307 2687 spiritualibus
1336 2589 1445 2659 arbitri
1478 2616 1546 2659 ease
1656 2653 1657 2688 ,

479 2702 647 2785 nequeunt
686 2690 759 2785 (9),
801 2690 858 2759 nisi
905 2708 982 2759 cum
1023 2691 1164 2786 episcopi
1202 2690 1391 2760 auctoritate
1423 2686 1546 2759 clericis

481 2790 545 2859 sint
585 2784 748 2882 adjuncti,
778 2803 836 2860 aut
860 2788 941 2887 jussi
972 2813 991 2857 a
1023 2813 1152 2860 summa
1185 2785 1347 2860 Pontifice
1376 2785 1549 2858 arbitrium

480 2887 678 2984 susceperint
729 2885 829 2984 (10),
885 2885 1028 2984 denique
1083 2889 1351 2959 excommunicati
1399 2884 1544 2974 vitandi,

481 3008 619 3080 quorum
661 2987 843 3057 sacietatem
885 2984 1082 3081 refugimus,
1128 2985 1241 3056 arbitri
1287 3009 1423 3056 munere
1454 2985 1547 3077 fungi
1657 2988 1658 3016 .

417 3082 423 3092 '
482 3108 550 3153 non
572 3101 718 3180 possunt.

524 3255 565 3334 (t)
588 3259 620 3316 L.
638 3258 696 3316 oet
710 3259 728 3314 l
735 3253 772 3396 p.
786 3255 821 3318 rie
836 3265 943 3338 recept.
957 3255 1061 3318 arbitr.
1077 3257 1133 3340 qui
1147 3252 1250 3318 arbitr.
1390 3305 1395 3314 .

524 3335 566 3414 (ἲ)
589 3339 687 3414 lnquit
710 3339 849 3416 Upianus
869 3339 902 3398 ta
921 3342 952 3399 L.
976 3340 995 3398 9
1015 3337 1049 3420 ss.
1075 3335 1140 3400 cari.
1163 3355 1223 3398 non
1242 3354 1325 3415 pasce
1342 3335 1473 3415 judicem
1498 3355 1548 3396 ar-

484 3415 606 3476 bitrium
627 3418 753 3498 recipere
779 3418 842 3501 ejus
864 3419 922 3494 rei,
942 3417 978 3480 de
995 3439 1058 3502 qna
1070 3418 1169 3501 jadex
1192 3424 1246 3480 est.
1272 3419 1329 3481 Sed
1347 3418 1425 3478 cirili
1442 3418 1507 3496 juri
1532 3439 1547 3477 a

486 3498 623 3558 canonico
639 3499 809 3580 derogatum
825 3499 959 3578 plerique
969 3503 1109 3562 sentiunt.
1132 3503 1204 3563 Utut
1219 3502 1271 3577 sit,
1294 3509 1372 3561 certe
1382 3500 1450 3578 jure
1462 3519 1550 3560 cana

477 3581 565 3650 nico,
581 3588 643 3641 tum
657 3581 814 3657 ordinarii,
830 3590 893 3641 tum
908 3581 1032 3663 delegati
1043 3583 1157 3662 judiees
1170 3583 1272 3644 arbitri
1283 3601 1346 3643 esse
1359 3591 1491 3661 possunt,
1506 3583 1548 3641 uti

486 3669 564 3741 patet
578 3679 613 3720 cx
625 3681 690 3742 cap.
707 3666 739 3738 b,
756 3664 790 3734 7,
807 3665 845 3722 10
856 3661 892 3724 de
906 3661 1037 3743 arbitria,
1054 3674 1081 3726 et
1092 3681 1160 3745 cap.
1178 3663 1261 3727 ilde
1272 3667 1451 3746 Prtearcmpt.

524 3743 619 3885 (ilzL.
640 3741 705 3826 ⁷ff·
720 3743 755 3885 elle
769 3753 876 3826 recept.
893 3745 998 3807 arbitr.
1015 3747 1071 3831 qui
1083 3744 1204 3824 arbitr.,·
1220 3765 1287 3808 cart.
1305 3750 1325 3808 2
1339 3745 1364 3829 5.
1382 3747 1549 3830 Copnitores
1639 3769 1643 3777 ·

487 3843 552 3907 cap.
604 3833 709 3907 quart.
748 3871 755 3886 .

527 3906 569 3987 (t)
590 3911 654 3969 Lo
691 3907 777 3970 .cad.

525 3991 566 4070 (5)
588 3993 652 4052 L.9
688 3987 806 4051 .derec
845 3999 865 4051 t.
883 3987 987 4053 arbitr.
1004 3999 1108 4073 recept.

487 4071 565 4214 Η(6)
588 4076 619 4134 L.
650 4075 687 4134 46
706 4070 742 4155 ff.
768 4091 805 4214 ep
825 4115 832 4132 .
856 4075 924 4134 Late
945 4092 978 4134 aa
991 4073 1030 4135 de
1044 4091 1078 4134 re
1091 4073 1217 4155 disputat
1231 4073 1547 4138 Voetusaril'aadect.

499 4153 770 4216 i.ltit.8acm.
809 4198 817 4213 .

528 4235 569 4316 (7)
591 4241 622 4299 L.
637 4233 692 4300 ult.
708 4235 771 4300 aad.
788 4234 823 4300 cle
837 4246 942 4319 recept.
956 4246 984 4298 et
994 4236 1099 4300 arbitr.
