3575 5625
647 624 868 695 -oot-

237 795 297 841 mas
334 771 391 842 sibi
432 769 576 860 solvant,
613 787 671 841 aut
706 769 794 868 apud
828 767 958 841 eosdem
989 766 1110 866 eligant
1140 764 1292 864 sepultu-

236 894 296 938 ram
320 871 351 940 in
381 871 558 967 perniciem
586 867 728 941 ecclesias
753 865 944 965 parochialis
970 867 985 961 (
1008 865 1035 962 ).

270 1040 292 1119 (Ι
329 1040 485 1123 (lapide
573 1041 605 1101 ⁸.

268 1124 297 1200 (2
330 1049 593 1203 eapseodim

269 1204 307 1282 (3)
329 1206 400 1285 Cap.
417 1209 435 1265 6
452 1204 516 1267 eod.

268 1285 306 1364 (l)
329 1285 519 1368 Gopleod.

274 1436 303 1536 ς.
327 1440 385 1510 lV.
416 1440 532 1514 Cetera
549 1459 657 1540 pacta,
688 1467 766 1540 quae
790 1467 858 1515 non
885 1440 981 1512 bonis
1007 1440 1154 1512 moribus
1182 1438 1298 1509 adver-

229 1552 353 1629 santur,
379 1563 447 1610 non
487 1567 539 1612 res
570 1541 784 1637 impossibiles
817 1557 969 1637 turpesve
999 1539 1192 1628 continent,
1232 1563 1297 1608 non

229 1635 260 1700 iu
281 1639 397 1707 anirnae
421 1637 660 1708 detrimentum
680 1663 737 1707 ver
785 1653 842 1725 nt,
870 1653 1058 1732 postremo,
1083 1635 1201 1731 quibus
1218 1635 1300 1705 nihil

224 1731 294 1826 jure
320 1734 449 1822 obstat,
476 1733 687 1805 custodienda
719 1664 985 1830 oi'demandaque
1010 1733 1182 1828 diligenter
1209 1748 1300 1804 sunt.

229 1827 307 1900 Hinc
328 1833 506 1925 privilegiis
530 1833 647 1921 etiam,
662 1857 739 1928 quse
758 1833 909 1929 privatim
932 1857 988 1902 sua
1005 1847 1040 1901 et
1056 1832 1188 1928 propria
1207 1847 1296 1916 sunt¹

225 1924 376 1997 abdicare
408 1954 442 1999 se
476 1930 697 2026 unusquisque
736 1945 845 2026 potest
874 1929 950 2024 (l);
986 1925 1136 2024 valetque
1165 1943 1299 2022 paetum

222 2025 383 2118 juratum,
405 2051 471 2123 quo
494 2025 629 2116 mulier,
655 2052 730 2097 com
750 2026 858 2113 nubit,
886 2042 1017 2123 eccepto
1037 2023 1114 2097 dote
1134 2027 1298 2120 promittit

227 2144 256 2190 se
281 2120 367 2192 nihil
386 2121 525 2219 amplius
543 2150 583 2194 ex
612 2138 744 2220 paterna
770 2121 950 2196 hereditate
978 2125 1155 2220 petituram
1176 2121 1243 2218 (⁰2).
1276 2193 1281 2203 ,

264 2291 303 2372 (l)
326 2297 399 2376 Cup.
415 2299 427 2354 l
442 2294 479 2356 de
492 2295 589 2377 pactis
600 2297 633 2356 in
648 2299 678 2357 6.

264 2375 304 2456 (2)
326 2379 400 2458 Cup.
413 2379 434 2437 2
444 2376 480 2439 tle
487 2379 585 2459 pactis
600 2379 633 2439 itt
648 2382 678 2438 6.
746 2383 754 2398 ’

271 2527 299 2628 §.
331 2530 374 2602 V.
411 2530 477 2602 Sed
516 2533 626 2603 litium
666 2533 926 2634 dirimendarum
966 2561 1058 2607 causa
1102 2535 1298 2632 plerumque

228 2630 342 2699 utimur
385 2633 623 2719 transactione,
661 2658 738 2727 quae
767 2637 888 2728 species
924 2633 1075 2730 quaedam
1110 2649 1158 2703 est
1189 2637 1298 2730 pacti,

224 2740 254 2794 et
287 2726 459 2796 interdum
489 2730 586 2798 etiam
615 2732 702 2827 pacti
732 2733 867 2800 nomine
898 2731 1081 2828 appellatur
1115 2730 1184 2826 (l).
1212 2733 1300 2802 Pro-

224 2824 286 2917 prie
315 2827 496 2897 transactio
523 2827 627 2895 initur
660 2826 703 2897 de
723 2852 759 2897 re
789 2827 890 2898 dubia
920 2854 957 2899 ao
983 2828 1041 2899 lite
1071 2830 1195 2899 incerta
1223 2828 1298 2925 (2);

224 2936 313 3017 atque
347 2922 480 3020 a]iquid
518 2922 638 3011 datur,
672 2940 730 2993 aut
762 2926 987 3020 promittitur,
1024 2941 1064 2996 ut
1100 2925 1298 3017 litigantium

224 3018 296 3089 alter
315 3022 419 3092 litem
444 3020 572 3091 deserat
599 3020 667 3116 (ὅ).
698 3021 835 3091 Pactum
869 3038 979 3092 autem
1004 3024 1149 3118 pertinet
1180 3022 1220 3091 ad
1250 3050 1300 3092 res

224 3132 335 3208 certas,
381 3132 499 3213 atque,
527 3134 564 3190 ut
592 3117 795 3216 plurimum,
834 3118 918 3189 nihil
949 3135 1102 3215 accepto,
1135 3134 1192 3188 eut
1222 3144 1301 3215 pro·

224 3216 310 3286 misso
339 3216 535 3288 conficitur.

271 3362 296 3442 i)
316 3360 752 3445 L.28§.2ffidepactis;L.
768 3367 779 3425 l
796 3362 1215 3446 cod.aod.;l.bff.delur.
1229 3366 1296 3447 fise.

267 3445 296 3522 2)
316 3446 541 3508 Transactionis
558 3454 589 3506 et
601 3448 677 3524 pacti
697 3446 856 3508 discrimen
875 3447 1026 3528 eleganter
1040 3449 1181 3525 expressit
1206 3450 1300 3528 Ulpia·

222 3543 271 3586 nus
283 3526 315 3588 ia
329 3529 364 3589 t.
420 3569 427 3585 .
451 3524 487 3587 dc
506 3535 653 3589 transeut.
677 3526 725 3588 his
744 3529 862 3589 verbis:
883 3528 940 3604 Qui
963 3528 1100 3609 transigit
1114 3528 1196 3607 quasi
1212 3529 1249 3589 de
1266 3548 1299 3590 re

223 3606 304 3668 dubia
323 3618 354 3669 et
398 3608 581 3685 reinserta,
601 3627 697 3687 neque
711 3609 795 3671 linita
819 3611 971 3690 transigit3
987 3610 1038 3689 qui
1059 3628 1129 3671 vero
1142 3610 1300 3689 paciscitur

221 3687 388 3751 donationis
397 3706 481 3749 eausa
486 3736 496 3765 ‚
508 3708 574 3749 rem
584 3699 692 3751 certam
703 3698 733 3751 et
744 3690 939 3752 indubitatam
946 3691 1121 3753 liberalitate
1129 3692 1265 3753 remittit.
1280 3720 1292 3746 a

257 3770 296 3849 (5)
317 3773 353 3832 L.
380 3771 420 3829 38
434 3770 498 3833 cod.
519 3769 555 3832 de
570 3778 712 3834 tramae.
729 3776 826 3851 Atque
843 3772 875 3833 id
893 3772 1014 3851 quidem
1029 3773 1103 3834 adeo
1122 3772 1181 3834 late
1198 3783 1299 3853 patere

220 3854 386 3932 complures
398 3861 522 3931 putant,
546 3860 580 3912 ut
601 3872 664 3914 eam
688 3863 818 3916 statuant
834 3856 1085 3934 interpretationis
1104 3855 1252 3937 regulam,
1274 3856 1298 3914 si

222 3936 334 4010 quando
350 3937 385 3996 in
404 3934 488 3995 libris
501 3935 578 4013 juris
594 3943 712 4014 pactum
733 3955 767 3997 re
784 3936 881 4015 aliqua
900 3936 982 4014 data,
1003 3944 1053 3998 aut
1069 3938 1227 4015 promisse,
1248 3944 1299 3995 aut

222 4024 331 4078 tetema
351 4016 422 4076 lieri
443 4016 568 4093 dieitur,
590 4027 624 4078 ut
645 4019 677 4078 in
696 4023 728 4082 L.
755 4021 796 4081 28
819 4018 855 4101 ff.
878 4016 914 4080 de
934 4018 1050 4101 pactis‚·
1076 4021 1109 4079 L.
1136 4020 1155 4077 2
1179 4012 1244 4076 eod.
1264 4012 1299 4076 de

218 4099 322 4175 pactia5
338 4099 411 4159 1,.)
433 4096 470 4180 ff.
493 4095 615 4160 delur.
633 4098 717 4183 fisa,
743 4118 860 4180 semper
882 4108 999 4179 pactum
1026 4116 1080 4179 pro
1103 4095 1299 4157 transactione

221 4178 424 4259 accipiendum
449 4196 523 4241 esse.
561 4182 619 4244 Sed
646 4184 698 4261 qui
722 4182 762 4243 ita
789 4182 937 4259 sentiunt,
964 4178 1156 4242 vehementer
1185 4185 1297 4239 errant.
