3575 5625
664 628 885 699 -em-

237 784 289 839 est.
304 780 379 841 sent
405 777 485 839 enim
503 778 555 855 qui
574 778 679 838 seculo
697 780 755 853 xi,
775 788 843 839 sunt
861 780 913 857 qui
932 782 1026 841 serias
1047 790 1099 842 eut
1117 783 1204 843 eitius
1232 783 1311 843 inte-

236 862 293 920 rius
306 861 405 921 torum
419 858 457 921 ab
477 859 615 919 exteriori
634 860 776 941 distingui
802 861 922 939 eoepisse
940 861 1136 933 arbitrentur,
1166 864 1241 925 adeo
1261 866 1310 925 in·

236 950 344 1001 eertum
366 952 647 1020 eontroversumque
672 948 715 1003 est
737 940 784 1003 iris
805 942 954 1021 magistris
981 953 1011 1004 et
1035 944 1221 1007 effectoribus
1238 964 1311 1023 epo-

236 1022 370 1099 charum,
392 1023 472 1102 quod
486 1024 557 1103 ipsis
576 1031 690 1083 eertum
709 1030 798 1102 etque
818 1024 1002 1102 exploratum
1020 1042 1082 1087 ease
1104 1027 1236 1088 deberet.
1251 1028 1311 1090 Sed

236 1113 420 1183 potestatem,
440 1124 529 1184 quam
550 1103 639 1165 hebet
661 1104 793 1181 ecelesia,
815 1104 938 1185 eogendi
961 1106 1069 1166 invitos
1093 1117 1123 1167 et
1141 1127 1310 1189 repugnen-

236 1194 290 1261 tes,
314 1188 373 1247 lete
394 1188 578 1279 exptieerant
601 1204 634 1247 ee
657 1186 845 1247 vindimrunt
869 1187 1029 1249 Gemonias
1050 1184 1086 1248 tie
1108 1198 1214 1269 potor.
1239 1188 1307 1251 eeet.

235 1266 343 1329 comici.
368 1272 389 1329 t
411 1276 482 1331 tom.
507 1271 608 1350 topp.
635 1265 692 1329 007.
715 1270 777 1329 250
797 1266 843 1329 ed.
863 1270 1010 1351 Anteetp.
1026 1270 1123 1344 7706,
1150 1275 1307 1346 iteremus,

236 1352 337 1410 Petrus
357 1350 395 1411 de
419 1350 545 1417 Alliam.
574 1352 701 1412 ioannes
716 1350 824 1429 Major,
851 1351 903 1427 qui
918 1368 1021 1411 omnes
1046 1350 1083 1411 de
1105 1360 1249 1433 potestate
1263 1372 1311 1413 ee·

235 1428 326 1493 etesiae
345 1440 485 1493 treetetos
498 1431 674 1506 ediderant3
699 1432 769 1493 item
796 1432 949 1493 Almeinus
972 1430 1010 1493 de
1023 1442 1138 1493 aeetor.
1156 1430 1257 1495 caelos.
1285 1443 1313 1495 et

237 1508 303 1573 iaie.
315 1532 368 1595 qu.
393 1515 411 1574 5
434 1532 502 1595 cap.
519 1514 549 1573 2.
570 1513 718 1574 Adversus
736 1513 910 1575 salmasium
928 1514 1023 1575 solide
1046 1514 1234 1595 graviterque
1250 1516 1311 1577 dis-

236 1601 316 1671 potet
326 1596 463 1656 Petevius
475 1592 512 1655 de
524 1591 675 1656 hierarch.
691 1591 791 1657 aoeies.
808 1591 859 1655 tib.
872 1596 968 1675 5enp.
981 1597 1001 1655 8
1015 1603 1044 1655 et
1052 1614 1136 1737 segg.
1151 1614 1220 1679 opp.
1235 1605 1308 1658 tom.

238 1676 333 1757 teng.
353 1673 732 1761 omnitenentem.
752 1678 843 1738 otor.
866 1679 939 1753 Quae
960 1678 1093 1738 Morinos
1118 1677 1179 1738 also
1191 1679 1309 1753 statuit,

236 1774 355 1835 queque
373 1757 437 1836 ejus
458 1758 591 1837 exempla
618 1756 725 1819 litteris
749 1758 961 1839 consignarunt
988 1762 1053 1821 Van
1083 1762 1194 1837 espen,
1219 1760 1311 1835 hitto,

236 1840 334 1915 eeterr',
362 1840 488 1901 refutem
512 1847 582 1901 sunt
605 1836 656 1900 lib.
687 1842 705 1900 5
731 1840 777 1901 tit.
808 1844 820 1900 7
851 1837 914 1922 fere
936 1856 993 1919 per
1019 1848 1071 1902 tot.
1101 1842 1252 1919 Denique,
1274 1860 1312 1901 ne

235 1938 332 1982 omnes
361 1921 530 2001 singulatim
567 1938 753 1998 enumerem,
791 1920 830 1981 de
860 1922 989 1983 ecelesiae
1022 1928 1166 2001 potesate
1197 1923 1313 2001 eopiose

235 2009 355 2081 egerunt
366 2003 499 2065 Dedinus
513 2001 659 2065 Alteserre
674 1999 774 2064 aoeies.
787 2001 907 2085 jurisd.
921 2000 1034 2064 vindic.
1049 2002 1153 2064 adver.
1170 2008 1284 2065 Fevret.
1299 2029 1311 2081 ‚-

236 2084 340 2145 fleiiier
354 2082 391 2145 de
413 2080 560 2145 hierarch.
577 2080 739 2146 extentio.
755 2088 850 2145 tart.
871 2082 927 2165 75.
944 2086 957 2144 7
977 2092 1083 2168 etseq.
1097 2104 1172 2166 pag.
1189 2089 1249 2148 tro
1261 2084 1308 2147 nt.

235 2164 333 2227 Paris.
352 2168 449 2242 toton
471 2166 642 2229 Franciseus
663 2186 680 2227 a
704 2167 833 2227 Victoria
858 2167 888 2225 in
916 2164 1031 2227 dnobus
1044 2167 1254 2229 reiectionibus
1275 2166 1311 2229 de

231 2254 330 2326 potest.
348 2246 468 2323 ecetee.,·
487 2250 635 2311 Zeeeerias
654 2247 794 2309 Bouerius
811 2246 956 2309 adenem
970 2246 1005 2309 de
1020 2248 1161 2311 Dominis
1187 2268 1307 2312 aeaeae.

230 2336 361 2408 pererret.
379 2326 414 2390 de
434 2348 498 2411 rep.
512 2327 613 2391 eccles.
632 2348 702 2411 par.
730 2332 838 2411 tpag.
858 2329 916 2390 777
929 2337 1031 2413 etseq.
1048 2328 1118 2391 edit.
1141 2328 1311 2393 Mediolon.

235 2412 321 2471 7677.
339 2414 375 2472 Et
391 2411 549 2472 novissime
566 2412 610 2473 cl.
634 2412 803 2472 Funaseus
822 2412 968 2473 Antonius
985 2412 1119 2473 Zeooerio
1145 2413 1176 2471 in
1201 2412 1312 2473 disser-

232 2492 371 2553 0ῑί00οό
392 2490 427 2553 (te
438 2491 613 2577 disciplina,
629 2494 677 2554 eui
692 2493 796 2555 titulus
818 2518 831 2547 o
845 2490 989 2554 Comoedi
1002 2491 1053 2554 cti
1062 2512 1141 2575 mae,
1158 2492 1310 2555 abbatissa

231 2570 280 2632 ciri
296 2572 374 2635 dee»
392 2576 538 2637 Ferentio
550 2576 630 2636 edite
669 2594 719 2657 ag.
734 2576 794 2635 tte
810 2592 871 2658 aeq.
889 2574 1043 2636 videndus
1059 2575 1206 2635 estetiem
1225 2577 1312 2637 Petit·

232 2654 302 2716 Pied
316 2655 416 2717 Treitt
437 2655 480 2717 da
492 2654 571 2719 droit
590 2664 618 2719 et
631 2592 682 2718 ὦ
690 2657 895 2739 prerogativae
910 2652 962 2717 dee
974 2654 1209 2739 maantam
1231 2655 1310 2718 done

230 2732 494 2801 t'admtnarratton
517 2738 553 2801 de
574 2736 607 2820 la
622 2737 734 2836 justice
755 2735 910 2800 eieaiiire.
937 2739 1017 2815 Quin
1044 2739 1174 2799 seniores
1191 2756 1310 2818 quaque

231 2827 424 2897 protestantes
447 2821 596 2882 eeclesiam
622 2839 653 2882 m
675 2821 843 2882 eoeneendis
867 2819 1042 2880 criminibus
1061 2827 1234 2899 potestatem
1261 2820 1309 2881 hu

231 2901 298 2962 bere
320 2919 383 2962 non
408 2901 591 2981 inficientur,
618 2911 706 2980 atque
728 2921 830 2963 eorum
857 2919 874 2962 e
900 2919 1025 2963 numero
1053 2911 1123 2962 sunt
1152 2901 1311 2982 Basnegius

231 2981 333 3046 00007.
351 2981 448 3047 coeles.
473 2993 544 3046 tom.
571 2981 724 3046 idiseert.
747 2987 768 3044 4
790 2982 826 3045 de
850 2979 950 3044 eealee.
971 2979 1085 3044 anton.
1107 2985 1118 3044 7
1138 3001 1171 3063 p.
1189 2983 1244 3042 tar
1262 2981 1308 3043 ed.

230 3061 887 3148 itoterodam.1706;Beveregiospralegom.
902 3061 944 3124 aa
957 3061 1096 3159 egnodio.
1113 3081 1165 3126 sea
1177 3062 1311 3144 pandec-

232 3155 275 3210 tae
289 3167 444 3210 maenam
457 3167 543 3211 nam.
561 3151 656 3231 iseo.
673 3156 744 3209 tom.
765 3149 777 3208 7
801 3165 863 3229 aeq.
882 3146 994 3208 Oeensi
1010 3146 1102 3205 1672.

276 3399 307 3500 §.
346 3399 404 3472 Ill.
444 3401 487 3472 At
514 3425 554 3472 ue
597 3398 681 3472 hene
724 3399 860 3497 quidem
909 3425 929 3468 a
973 3395 1102 3470 Christo
1145 3416 1310 3498 aeeeptem

230 3515 426 3593 potestatem
463 3427 634 3594 ingligendi
663 3523 799 3594 poenas,
835 3515 906 3568 tum
950 3499 986 3567 in
1028 3497 1200 3588 interiori,
1239 3515 1310 3570 tum

230 3597 262 3666 iir
298 3599 453 3670 exteriori
485 3595 577 3686 soro,
610 3597 747 3693 apostoli
775 3612 810 3667 et
834 3597 940 3666 verbis
968 3609 1003 3665 et
1038 3594 1129 3666 fectis
1155 3596 1312 3668 ostende·

231 3711 320 3768 runt.
349 3691 541 3766 Praesertim
572 3691 718 3783 Paulos,
749 3692 842 3792 eujus
876 3692 975 3789 plum
1011 3708 1138 3764 exstent
1171 3697 1310 3791 scripte,

253 3817 331 3863 uem
360 3791 498 3865 eliorum
525 3791 687 3888 apostol.‚
724 3792 760 3860 in
792 3789 822 3860 H
848 3815 1010 3865 menaeum
1041 3805 1141 3887 etque
1170 3790 1313 3862 Alexan·

231 3817 329 3961 grum
358 3889 435 3987 (1),
466 3891 613 3986 itemque
647 3890 686 3960 in
714 3817 922 3960 Corintinom
953 3892 1093 3961 inoestus
1128 3891 1163 3957 in
1191 3914 1312 3960 norea·-

230 4012 299 4058 eem
327 4013 422 4060 reum
460 3986 689 4060 animadvertit
723 3984 801 4082 (ἢ),
832 4013 932 4084 quem
969 4002 1106 4085 postea,
1144 4007 1220 4054 eum
1255 4009 1312 4055 re·

230 4087 399 4182 eguisset,
454 4111 551 4181 poene
606 4083 702 4158 solvit
750 4100 783 4155 et
808 4109 849 4156 ue
895 4085 1037 4158 ecelesias
1087 4083 1312 4154 communioni

230 4186 397 4272 restituit3
430 4187 570 4280 virgam
601 4186 746 4254 minetur
778 4184 792 4278 (
821 4185 859 4278 )‚
891 4200 989 4277 neget
1022 4207 1056 4252 se
1083 4179 1311 4276 parciturum,
