3575 5625
676 601 898 674 ...155-

240 751 362 840 habea
394 775 438 822 ne
460 753 672 822 reconventio
700 750 834 846 quidem
867 751 1007 846 proponi
1039 765 1159 846 potest.
1194 749 1321 846 Hujus·

241 848 336 920 modi
368 863 447 919 sunt
481 871 586 918 causae
619 847 821 936 criminales,
852 849 888 918 in
921 846 1038 945 quibus
1075 849 1182 942 agitur
1215 850 1324 919 erimi-

240 946 364 1016 naliter
401 945 475 1041 (2)‚
508 946 664 1042 quoniam
695 948 915 1033 ιἰιιιοεειιιιὶι,
947 969 1019 1016 non
1051 945 1218 1018 relatione
1248 951 1324 1018 ori-

239 1051 394 1116 minam
415 1069 498 1115 reue
525 1055 717 1140 pareatur
737 1043 811 1138 (ὅ),
839 1038 1073 1139 praejudiciales
1105 1042 1185 1138 (4),
1220 1041 1325 1139 depo·
1369 1081 1371 1084 ·

239 1145 297 1211 siti
335 1141 391 1235 (5)
420 1139 537 1237 spolii3
581 1143 617 1209 in
656 1139 798 1235 quibus,
837 1140 886 1209 uti
929 1136 1187 1209 demonstratum
1228 1165 1326 1236 supra

125 1261 136 1272 ·
239 1255 316 1323 est,
346 1238 502 1332 spoliatus
532 1235 728 1334 respondere
763 1262 832 1308 non
868 1238 1019 1330 regitur,
1059 1237 1120 1305 nisi
1152 1250 1246 1306 antea
1279 1263 1326 1308 re·

240 1339 402 1405 stituatur
434 1334 509 1429 (6),
549 1358 653 1405 eausae
688 1349 926 1406 momentaneae
969 1335 1193 1430 possessionis,
1231 1357 1325 1428 quae-

241 1457 315 1528 que
342 1433 481 1502 celerem
517 1435 640 1502 exitum
674 1430 843 1527 postulant
872 1429 946 1525 (7),
979 1427 1125 1527 denique
1162 1432 1196 1500 in
1231 1455 1328 1525 nego·

240 1533 299 1599 tiis
341 1529 558 1600 ecelesiasticis
597 1552 706 1600 eoram
743 1529 826 1601 laieo
854 1526 968 1628 judice
1006 1529 1221 1599 reconventio
1255 1525 1326 1598 fieri

242 1653 315 1698 non
347 1627 494 1723 potest(
521 1627 547 1721 ).

288 1789 331 1871 (1)
352 1789 551 1850 Tertullianus
572 1798 667 1851 eoatr.
703 1787 852 1850 Moreiorr.
878 1786 929 1851 tit.
959 1791 978 1850 2
1003 1808 1070 1872 cap.
1099 1791 1140 1850 20
1229 1832 1236 1848 .
1267 1790 1326 1850 592

243 1869 318 1931 edit.
344 1868 473 1952 lliqoltii
495 1872 597 1932 Paria.
613 1873 693 1932 16715
708 1871 805 1950 inquit
830 1870 969 1932 liebrroos
993 1872 1166 1952 AEgyptiisa
1213 1887 1244 1930 se
1262 1889 1328 1930 rasa

243 1971 335 2013 aurea
350 1960 380 2012 et
401 1961 539 2032 argentea
561 1953 728 2031 petentibus
742 1953 911 2030 opposuisse
926 1959 1042 2012 mutuas
1061 1951 1233 2030 petitiones,
1247 1951 1329 2030 ajon·

243 2044 310 2108 tes,
325 2033 383 2094 sibi
404 2035 493 2094 etiam
514 2033 616 2094 deberi
637 2033 802 2094 mercedem
819 2051 874 2112 pro
891 2033 993 2094 laboro
1012 2039 1099 2112 atque
1115 2050 1218 2112 opera,
1239 2051 1329 2110 quam

244 2115 455 2192 impenderant
469 2115 500 2174 in
519 2113 661 2175 ducendis
674 2115 832 2190 lateribus,
850 2114 881 2174 in
895 2114 1064 2176 eiulatibus
1085 2123 1173 2193 atque
1195 2113 1226 2174 in
1247 2113 1326 2176 villis

244 2195 448 2272 nullimodis,
471 2196 551 2274 quod
585 2205 685 2274 postea
710 2195 976 2278 εειιιρεειιαιίοιιιιιι
998 2195 1160 2257 rectissime
1187 2195 1325 2276 appellat.

243 2281 323 2354 Que
339 2278 536 2356 eampensatio
554 2277 601 2338 rel
615 2277 649 2339 tit
661 2278 725 2357 ipso
739 2278 823 2356 jure,
840 2277 888 2338 rel
906 2296 960 2356 per
977 2277 1177 2356 exceptionem
1199 2276 1260 2336 doli
1281 2278 1328 2338 in·

243 2359 375 2433 dieitur,
399 2359 444 2418 rel
461 2377 516 2438 per
532 2367 666 2420 mutuam
679 2360 836 2420 actionem.
851 2362 926 2422 Nam
945 2368 1046 2420 mutua
1069 2358 1124 2420 hae
1144 2359 1258 2419 ratione
1270 2359 1327 2418 alia

240 2439 452 2502 aetiotollitur
477 2447 508 2500 et
529 2439 663 2501 debitum
686 2447 906 2519 eompensatur,
930 2448 964 2500 ut
988 2447 1032 2500 est
1056 2437 1087 2499 in
1111 2439 1326 2518 capitularibus

241 2521 347 2584 Caroli
364 2525 405 2582 11.
425 2517 475 2582 to.
498 2524 517 2583 7
537 2539 604 2604 cop.
629 2523 689 2584 505
707 2519 763 2584 eol.
786 2523 846 2584 730
871 2529 944 2583 tom.
970 2517 1050 2582 led.
1074 2517 1200 2582 Boluzii
1223 2521 1325 2582 Vener.

239 2603 345 2665 1772.
367 2607 410 2665 lta
427 2620 481 2681 ρει·
505 2603 719 2681 retentionem,
738 2609 773 2664 ut
792 2605 822 2665 in
845 2603 890 2663 uit
917 2603 1098 2683 Augustinus
1126 2601 1178 2665 tit.
1200 2599 1237 2662 oe
1260 2621 1327 2664 aar.

236 2703 307 2768 pro
326 2684 455 2746 mortuis
475 2703 543 2766 rap.
571 2686 604 2745 11
626 2703 696 2767 opp.
716 2691 739 2745 t.
763 2687 783 2745 o
803 2622 858 2747 a}
880 2687 939 2746 tet
960 2683 1030 2747 edit.
1052 2684 1120 2761 eit,
1140 2682 1240 2746 enutio
1258 2701 1328 2745 eoo·

238 2774 376 2843 matur,
393 2765 450 2827 hoo
463 2773 508 2827 est
524 2765 708 2844 dissolvitur3
728 2773 758 2829 et
771 2767 812 2828 itu
830 2783 885 2846 per
898 2764 1134 2845 meorumnam,
1154 2783 1241 2845 quam
1264 2783 1328 2827 me·

237 2856 347 2911 morat
367 2847 554 2927 ltueulphua
566 2846 691 2931 sorrral.
707 2846 793 2911 lim
808 2868 875 2930 eop.
902 2850 941 2911 tt
955 2857 984 2910 et
1002 2850 1060 2924 55,
1083 2867 1099 2908 a
1122 2848 1162 2911 ud
1176 2847 1327 2909 Baluzium

238 2925 414 3011 capitular.
436 2932 508 3010 Περ.
524 2930 636 2991 Fruar.
659 2938 731 2991 tom.
748 2928 836 2991 leel.
860 2931 920 2991 289
940 2938 968 2992 et
988 2932 1044 2991 tot
1070 2948 1085 2991 e
1109 2974 1117 2991 .
1137 2930 1187 2991 eit.
1202 2928 1271 3007 (hoe
1285 2935 1329 2989 est

238 3010 1327 3174 111111.ᾞῶ111111111111111511717

291 3171 335 3267 (7)
359 3174 432 3233 Can.
457 3177 493 3251 1,
516 3177 536 3235 2
557 3182 585 3235 et
606 3177 627 3235 t
649 3193 716 3257 cop.
743 3176 765 3235 5·
783 3193 836 3258 qu.
863 3174 900 3249 l,·
923 3174 959 3234 l.
986 3176 999 3235 l
1025 3180 1052 3233 at
1075 3172 1114 3233 19
1134 3166 1198 3230 eod.
1222 3167 1258 3230 cle
1282 3166 1329 3230 loia

240 3272 426 3397 ⁹¹⁸⁸s⁰⁶i¹f⁸i
436 3334 472 3417 ff.
487 3334 523 3395 oe
538 3332 627 3396 root.
637 3334 711 3419 jao.
823 3334 829 3347 ·

304 3419 323 3477 t
358 3419 429 3497 Cap.
446 3422 459 3477 1
478 3415 514 3477 de
530 3414 634 3477 Ordin.
656 3418 769 3498 repetit.

305 3500 323 3558 5
358 3494 573 3577 (Σαρῖετείι.
590 3496 776 3580 deDeposit.

290 3578 335 3656 (6)
358 3580 432 3659 Cap.
449 3581 462 3639 1
480 3577 516 3639 de
530 3578 634 3641 traria
649 3577 771 3661 spoliat.
788 3580 866 3642 1116.

290 3659 335 3739 (7)
357 3660 455 3720 Glossa
470 3660 504 3719 ia
516 3678 583 3741 eop.
600 3657 657 3721 ult.
674 3658 710 3723 ‹le
726 3660 833 3723 Ordior·
850 3660 958 3743 eopait.

291 3741 336 3821 (8)
357 3741 463 3802 Confer
487 3742 617 3804 Glossam
640 3742 671 3802 in
691 3762 759 3803 eoa.
783 3746 798 3805 1
820 3761 886 3825 cop.
911 3744 1042 3827 51)ωὸ
1066 3740 1147 3805 verb.
1172 3740 1327 3821 troicum,

241 3832 278 3885 et
292 3823 324 3883 iu
338 3840 406 3882 eon.
420 3826 441 3884 t
454 3819 559 3884 ludio.
575 3820 653 3884 aare.
670 3826 742 3885 Noa
756 3833 843 3886 tenet.

1177 3982 1213 4025 us
1250 3972 1321 4039 εει,

298 3950 330 4053 §.
360 3954 421 4025 lv.
457 3951 519 4024 Cui
545 3954 601 4051 jus
636 3954 773 4050 agendi,
805 3958 836 4027 ei
873 3955 1123 4028 reconvenienti
1157 3982 1171 4121 ρ

241 4052 407 4149 quoniam
438 4053 647 4123 reconvenire
677 4068 727 4123 est
755 4078 869 4149 agere,
903 4052 1042 4151 ideoque
1073 4054 1156 4125 inuti
1172 4055 1231 4121 iter
1272 4075 1328 4120 ro-

239 4151 404 4222 eonrenit
448 4152 766 4243 excommunicatus,
805 4150 894 4249 quod
942 4150 1103 4222 inutiliter
1149 4149 1214 4243 agit
1253 4145 1323 4242 (l).
