3575 5625
710 631 907 704 ..91-

263 809 348 882 quas
374 780 482 881 judici
514 781 560 850 rei
593 781 708 850 veritas
746 782 939 852 innoteseat.
979 779 1094 878 Neque
1127 785 1215 856 enim
1258 789 1347 882 ipsi,

265 907 337 953 non
369 881 501 976 cognita
537 879 584 947 rei
622 880 777 966 veritate,
811 881 1007 949 sententiam
1049 879 1133 952 ferre
1173 881 1252 954 lieet
1279 885 1347 981 (l).

265 977 446 1091 Probutio·
461 991 510 1046 est
546 974 632 1044 illins
660 978 728 1064 rei,
765 997 843 1072 qum
876 977 912 1047 in
938 981 1187 1048 controversiam
1231 984 1347 1074 venit,

263 1075 413 1170 legitime
419 1073 538 1240 cpudici
562 1073 646 1144 faeta
670 1071 917 1145 demonstratio.
953 1073 1149 1146 Generatim
1167 1102 1250 1148 onus
1268 1105 1352 1176 pro·

265 1172 371 1243 bandi
399 1198 417 1243 a
469 1187 613 1242 actorem
652 1173 814 1267 pertinet,
852 1195 958 1268 eoque
993 1196 1061 1243 non
1086 1174 1247 1267 probante
1276 1203 1350 1249 reus

265 1269 466 1358 absolvitur,
497 1293 596 1365 quam
623 1292 697 1338 uam
735 1267 818 1338 nibil
851 1270 921 1365 ipse
960 1271 1148 1366 praestiterit
1179 1271 1245 1369 (2).
1284 1273 1350 1347 Sed

265 1366 438 1438 interdum
470 1293 632 1462 probandi
664 1389 763 1437 onere
796 1381 927 1436 tenetur
960 1391 1053 1458 reus,
1083 1393 1158 1439 oum
1194 1371 1350 1444 nimirum

266 1480 391 1560 praesto
423 1481 473 1534 est
497 1465 599 1534 actori
622 1464 706 1561 juris
731 1466 944 1560 presumptio
961 1463 1044 1560 (5);
1083 1481 1140 1535 aut
1177 1493 1251 1538 eum
1277 1495 1351 1543 reus

266 1561 463 1659 excipiendo
491 1560 616 1657 aliquid
644 1558 806 1650 affirmat,
841 1585 909 1674 quo
938 1563 1099 1634 contraria
1124 1566 1206 1637 actio
1232 1570 1349 1662 perimi

268 1685 312 1732 ac
347 1659 462 1756 repelli
495 1661 612 1756 possit,
673 1661 726 1729 uia
764 1674 846 1728 tuno
877 1683 946 1752 rpse
988 1661 1024 1728 in
1065 1664 1254 1758 exceptione
1294 1691 1350 1736 sua

267 1774 361 1828 actor
385 1756 532 1828 efficitur
558 1757 628 1851 (4).
649 1685 833 1826 interdum
866 1758 964 1826 etiam
1003 1773 1070 1826 tarn
1103 1774 1215 1849 actor,
1252 1787 1349 1858 quam

265 1879 345 1925 rens
379 1853 519 1950 probare
551 1853 676 1942 debet,
717 1850 809 1950 quod
840 1877 902 1949 pro
934 1877 968 1923 se
999 1855 1138 1952 quisque
1167 1876 1348 1951 asseverat,

268 1954 320 2022 uti
350 1952 393 2024 fit
423 1955 458 2022 in
477 1951 609 2048 judiciis
639 1949 824 2047 duplicibus
852 1949 983 2022 familiae
1012 1953 1235 2045 erciscundae,
1255 1981 1350 2028 com·

269 2052 367 2118 muni
396 2048 598 2138 dividundo,
629 2049 747 2120 linium
776 2047 1020 2142 regundorum,
1047 2051 1081 2121 in
1111 2051 1230 2148 quibus
1255 2071 1349 2126 uter-

267 2173 337 2242 que
352 2147 551 2243 litigantium
567 2161 675 2244 purtes
697 2148 813 2217 notoria
827 2145 965 2218 sustinet
984 2146 1050 2244 (5).
1379 2149 1385 2162 '

312 2319 356 2399 (t)
380 2323 455 2381 Con.
474 2323 513 2380 10
526 2328 597 2380 tom.
611 2321 651 2380 50
664 2326 771 2401 quest.
787 2319 819 2380 5.

312 2404 356 2478 (bl
377 2403 412 2462 t.
424 2405 444 2462 b
457 2400 523 2462 eod.
538 2399 574 2462 de
588 2399 685 2462 Edere.
696 2424 708 2476 ,·
719 2403 814 2460 eunt
831 2417 899 2481 cop.
914 2403 994 2483 bqu.
1010 2403 1042 2462 ὅ.

315 2483 360 2561 (5)
382 2485 457 2564 Cup.
473 2481 540 2544 ide
550 2481 654 2543 nesto.
669 2480 788 2564 apoliot.
806 2480 840 2542 ire
854 2483 885 2542 o.

314 2565 358 2642 (t)
379 2565 414 2624 L.
430 2569 490 2626 bet
504 2567 542 2625 19
550 2562 585 2645 ff
599 2563 635 2625 de
651 2561 771 2626 Probet.

313 2647 358 2725 (ὅ)
380 2650 454 2728 Cup.
472 2651 490 2707 5
506 2653 533 2706 et
547 2652 565 2706 a
579 2643 617 2706 de
632 2643 754 2708 Probet.

320 2796 353 2899 ς.
387 2797 447 2870 lll.
482 2799 634 2872 Probatio
665 2797 727 2870 alia
761 2799 858 2896 plena
896 2800 961 2871 sive
992 2801 1154 2898 perlecta,
1194 2799 1254 2873 alia
1294 2831 1348 2876 se-

268 2896 418 2993 miplena
441 2901 506 2969 sire
528 2897 716 2995 imperfecta
742 2913 791 2969 est
819 2899 888 2993 (l).
917 2898 1020 2969 Plena
1049 2914 1118 2987 est,
1148 2925 1223 2995 quae
1251 2900 1350 2997 plane

268 3015 374 3091 utque
400 2995 567 3067 evidenter
593 2995 735 3066 ostendit
769 2993 802 3064 id
834 2994 924 3091 quod
953 2998 1172 3093 proponitur,
1208 3022 1349 3095 quaeque

268 3108 350 3189 apta
373 3109 422 3163 est
447 3094 489 3164 ad
519 3092 702 3165 finiendam
725 3094 1001 3165 oontrorersiam:
1036 3089 1234 3187 semiplena,
1271 3120 1348 3191 quan

268 3188 375 3260 fidem
415 3191 555 3288 aliquam
599 3189 693 3281 lacit,
739 3189 797 3261 sed
842 3212 912 3260 nort
957 3187 1110 3287 plenam,
1160 3214 1196 3259 ao
1241 3194 1349 3284 potius

271 3288 379 3385 injicit
402 3290 610 3385 opinionem,
648 3304 685 3360 ut
719 3286 845 3359 dictum
879 3287 975 3358 unius
1017 3287 1123 3376 testis,
1151 3293 1348 3383 comparatio

271 3388 529 3482 seripturarum,
548 3401 653 3457 oetera
675 3386 804 3457 similia.

318 3556 360 3636 (t)
382 3558 519 3635 Plerique
532 3558 708 3636 interpretes
718 3554 796 3618 bane
806 3555 928 3618 tradant
939 3554 1144 3636 probationum
1159 3556 1349 3633 divisionem,

269 3656 340 3714 qun
353 3640 383 3698 in
402 3640 466 3699 ioro
478 3640 675 3718 receptissima
688 3647 743 3699 est.
760 3642 943 3717 Quemquam
959 3639 1039 3701 enim
1054 3646 1136 3698 aeter
1149 3646 1249 3699 eontra
1263 3658 1348 3701 reum

269 3719 359 3798 plene
375 3720 500 3799 probare
513 3722 619 3783 debeat
635 3721 685 3796 id,
699 3722 781 3800 quod
798 3721 951 3801 proponit,
969 3728 1065 3782 tamen
1083 3718 1268 3798 despicienda
1287 3739 1348 3783 non

274 3811 318 3863 ert
338 3820 371 3862 ea
388 3802 538 3882 probatio,
557 3822 624 3882 qun
641 3804 836 3881 oonjeetnram
853 3800 1036 3881 probabilem
1058 3800 1155 3862 affert.
1176 3804 1215 3863 Ea
1229 3802 1350 3881 quidem

272 3885 343 3945 satis
363 3904 421 3945 non
443 3893 488 3945 est
504 3884 541 3945 ud
555 3882 809 3945 oondemaundum
835 3902 936 3962 reum,
959 3882 1011 3945 sed
1029 3892 1126 3945 tamen
1145 3881 1255 3962 judicis
1279 3884 1350 3945 dili-

271 3966 399 4046 gentiam
421 3968 528 4027 excitat
548 3966 586 4027 ad
603 3965 674 4026 alias
693 3966 906 4044 oonquirendas
925 3964 1127 4044 probationes,
1148 3964 1256 4043 quibus
1276 3984 1348 4043 sup·

271 4048 386 4127 plentur
410 4048 454 4124 id,
478 4047 557 4126 quod
581 4048 612 4107 in
636 4046 794 4126 semiplena
821 4047 994 4128 probatione
1019 4046 1120 4107 deesse
1146 4044 1275 4105 ridetur.
1303 4048 1346 4107 lta

272 4130 336 4191 beo
353 4130 512 4209 semiplena
532 4128 666 4207 probatio
689 4130 891 4189 nroeasitatern
915 4128 1040 4207 imponit
1059 4124 1269 4206 jurisjurandi,
1294 4144 1348 4205 per

271 4211 352 4289 quod
368 4219 420 4273 aut
434 4228 502 4271 rens
522 4228 553 4271 se
566 4210 653 4290 plane
672 4217 795 4292 purgat,
819 4222 870 4273 aut
886 4220 967 4272 actor
987 4208 1194 4289 probationum
1220 4206 1348 4288 inopiam
