3575 5625
692 699 913 769 -575-

204 847 211 854 ’
247 851 332 946 jure
363 850 405 917 sit
440 871 552 917 verum
583 861 617 916 et
645 845 826 943 perfectum
860 848 1024 941 regimen,
1059 862 1092 916 et
1115 871 1191 918 vero
1220 845 1335 917 Chris·

254 963 312 1016 tus
323 948 380 1044 jus
395 948 500 1041 ipsum
526 946 562 1014 in
590 969 661 1014 eam
692 943 832 1014 contulit
862 946 1076 1032 nominatim,
1105 943 1185 1013 dum
1215 947 1244 1014 ei
1267 944 1337 1016 clu·

253 1069 316 1113 ves
347 1042 456 1132 dedit,
487 1041 606 1137 quibus
642 1041 781 1115 solveret
817 1057 851 1113 ct
880 1041 998 1140 ligaret
1033 1056 1131 1137 atque
1162 1044 1196 1110 in
1230 1059 1337 1114 sontes

254 1140 537 1211 animaduerteret
552 1139 620 1235 (l).

303 1311 346 1389 (t)
364 1308 630 1372 ttanh.xv111v.
650 1312 689 1370 tn
707 1327 769 1393 sap.
786 1313 884 1386 Quare
907 1310 1016 1371 divine
1034 1309 1214 1371 institutioni
1231 1308 1337 1369 adver-

254 1402 366 1454 santur
389 1391 525 1466 Plaffius,
546 1391 726 1452 Boehrnems
747 1399 777 1451 et
798 1392 888 1452 ceteri
919 1400 1128 1470 protestantes,
1152 1391 1203 1470 qui
1225 1391 1337 1450 nullam

254 1495 277 1534 a
293 1473 409 1536 Christo
419 1471 670 1551 jurisdictionem,
685 1481 716 1533 ct
734 1473 849 1532 nullum
871 1493 986 1534 sucrum
1005 1475 1162 1552 imperium
1184 1472 1336 1533 eeclesiam

258 1555 402 1616 babuisse
424 1553 622 1630 contendunt,
647 1562 677 1614 et
697 1572 797 1632 poenus
821 1555 1027 1616 ecclesiasticas
1058 1556 1143 1615 initio
1168 1573 1227 1614 non
1255 1571 1338 1616 veras

259 1637 467 1716 poenasl'uisse
486 1637 672 1706 existimant,
699 1636 751 1696 sed
769 1637 866 1714 potius
890 1655 927 1696 ex
950 1645 1033 1716 paeto
1054 1644 1084 1696 et
1098 1645 1242 1697 conventu
1265 1654 1340 1714 pcn-

259 1719 383 1792 dentes,
399 1717 537 1796 quoniam
552 1715 704 1777 christiani
718 1719 749 1778 in
771 1719 939 1778 societatem
952 1718 1157 1778 convenientes
1172 1737 1234 1778 sose
1249 1717 1340 1795 pactis

259 1799 486 1879 adstringebant
498 1798 536 1858 ad
551 1798 629 1859 illius
650 1800 729 1878 leges
747 1799 960 1875 observandas,
982 1809 1070 1877 utque
1090 1800 1126 1858 ud
1145 1817 1208 1874 eos,
1225 1800 1276 1877 qui
1294 1799 1340 1860 his

261 1882 379 1960 legibus
394 1899 453 1941 non
467 1888 621 1959 parerent,
632 1879 702 1957 jure
715 1881 908 1942 fraternitatis
925 1889 954 1941 et
975 1881 1072 1942 officio
1085 1881 1256 1960 privandos.

315 2059 345 2158 ς.
379 2058 420 2128 ll.
453 2057 746 2132 Ecclesiasticurum
784 2086 957 2156 poenarum
992 2063 1141 2132 omnium
1178 2076 1227 2130 est
1263 2057 1339 2128 finis

265 2182 372 2246 unus,
401 2182 513 2228 curare
527 2157 696 2246 videlicet,
722 2175 760 2228 ut
789 2185 862 2228 rens
887 2161 1031 2229 criminis
1057 2158 1273 2243 emendetur,
1305 2171 1340 2225 et

262 2259 365 2326 ceteri
391 2255 541 2350 exemplo
565 2280 672 2351 poeuae
704 2259 738 2327 in
770 2255 878 2329 officio
908 2259 1150 2328 contineantur.
1180 2253 1246 2325 Sed
1272 2279 1340 2324 nou

262 2379 332 2424 una
365 2369 414 2422 est
440 2352 629 2423 earumdem
659 2380 831 2449 poenarum
868 2357 968 2440 ratio,
1002 2357 1095 2424 sicuti
1133 2379 1200 2424 non
1232 2378 1337 2422 unum
1488 2428 1490 2435 Ι

263 2450 394 2539 forum,
423 2475 530 2545 neque
563 2478 628 2522 una
662 2451 804 2522 eeclesiae
836 2467 976 2547 potestas
1012 2468 1071 2520 est.
1108 2452 1150 2520 Ei
1182 2453 1340 2521 nimirum
1388 2469 1394 2485 ·
1434 2479 1436 2484 ·

264 2546 388 2643 duplex
415 2563 463 2617 est
495 2547 627 2637 lorum,
663 2551 831 2619 internum
863 2565 914 2620 et·
934 2565 1127 2636 externum,
1157 2565 1190 2620 et
1218 2547 1340 2643 duplex

262 2647 347 2714 item
375 2660 534 2741 potestas,
552 2644 672 2735 altera,
696 2671 794 2743 quam
820 2648 887 2742 ipsa
914 2647 1012 2718 habet
1036 2669 1247 2717 communem
1263 2668 1340 2714 oum

264 2743 358 2814 omui
387 2767 462 2813 vera
488 2769 525 2813 ac
557 2741 700 2840 perfecta
728 2743 916 2840 republica,
951 2759 984 2814 et
1011 2741 1112 2814 ultera
1145 2739 1338 2840 spiritualis,

264 2864 343 2936 quae
364 2843 434 2937 ejus
460 2856 589 2910 tentum
616 2858 664 2912 est
688 2846 840 2938 proprie,
864 2844 1019 2938 quoniam
1042 2844 1072 2911 ei
1093 2842 1187 2909 unia
1210 2838 1340 2909 Christo

166 2939 175 2952 '
263 2938 344 3007 data
375 2954 435 3008 est.
474 2936 588 3035 ltaque
621 2942 698 3037 jure
743 2965 826 3010 rerae
868 2938 1089 3036 perfeetaeque
1130 2934 1339 3031 reipubliessae,

263 3060 400 3132 poenas,
428 3058 502 3130 quae
526 3062 662 3133 corpus,
689 3052 723 3107 et
740 3039 819 3134 juce
839 3032 1013 3131 spiritualis
1036 3035 1203 3131 potestatis
1227 3055 1340 3127 poenas

263 3137 408 3228 irrogat,
442 3157 518 3229 quae
549 3138 695 3205 animum
726 3133 888 3229 affligunt.
927 3131 1011 3218 Quae
1043 3130 1083 3201 atl
1119 3154 1236 3225 corpus
1261 3150 1342 3224 per-

266 3233 395 3319 tinent,
418 3234 550 3327 proprio
580 3235 713 3302 nomine
743 3232 898 3303 dicuntur
929 3256 1057 3328 poenae,
1089 3252 1163 3325 quae
1194 3230 1340 3296 animum

266 3330 454 3421 attingunt,
472 3352 618 3400 censurae
645 3328 854 3425 appellantur
883 3328 955 3425 (l).

311 3522 353 3603 (l)
377 3528 458 3586 later
483 3526 687 3587 ecclesiasticus
716 3545 817 3605 poenas
841 3535 930 3607 utque
958 3546 1095 3589 censuras
1119 3527 1233 3588 nullum
1258 3526 1342 3585 initio

269 3606 427 3666 discrimen
446 3608 555 3684 fuisse,
576 3614 753 3686 cunctasque
766 3610 895 3671 ecclesie
909 3628 1009 3689 poenas
1022 3610 1112 3671 fuisse
1123 3616 1238 3670 tanturn
1253 3608 1343 3686 spiri-

248 3687 377 3760 duales,
397 3704 463 3766 quoe
475 3691 607 3750 animum
625 3690 719 3750 solunt
734 3691 918 3771 affligebant,
942 3710 1002 3752 non
1023 3709 1129 3769 corpus
1147 3690 1340 3771 castigabant,

270 3777 379 3847 praeter
391 3778 502 3830 ceruos
512 3780 617 3849 potunt
631 3775 695 3833 Van
709 3774 804 3851 Espcn
813 3772 881 3853 jus.
897 3770 997 3835 eccle.
1015 3772 1146 3834 univers.
1164 3792 1235 3855 par.
1250 3774 1268 3831 5
1283 3790 1308 3831 c.
1324 3772 1339 3827 l

269 3869 355 3911 num.
372 3852 390 3909 2
405 3858 524 3945 etseq.‚·
538 3858 643 3913 Petrus
664 3852 702 3913 de
724 3857 820 3915 Marcu
833 3852 990 3916 decollcct.
1014 3873 1120 3917 conon.
1143 3873 1209 3936 cup.
1226 3854 1288 3911 8n.
1306 3852 1341 3925 6;

270 3931 448 3992 Cevallarius
471 3942 541 3994 anst.
571 3933 626 3994 'nn
651 3953 720 3995 cort.
745 3955 815 4018 por.
832 3938 930 4017 5cop.
951 3938 991 3996 54
1008 3934 1035 4017 §.
1056 3939 1074 3996 2
1093 3953 1173 4015 aaq.‚·
1193 3932 1342 4012 Selvagius

270 4012 414 4095 onttpuit
434 4011 533 4075 eccles.
558 3954 609 4075 lit.
632 4018 736 4097 lcop.
759 4016 815 4098 ts.
836 4020 932 4099 fiseo.
955 4018 1062 4079 Eadem
1077 4025 1120 4076 cst
1134 4013 1278 4074 sententia
1292 4014 1340 4072 lo.

270 4096 377 4155 Morini
409 4104 438 4154 et
468 4104 648 4167 ceterorum,
675 4098 726 4175 qui
761 4098 909 4159 ecclesium
941 4107 1055 4159 tuntum
1085 4098 1252 4166 internum,
1283 4112 1343 4153 non

270 4178 342 4236 item
363 4184 518 4237 externum
542 4178 639 4238 lorum
658 4178 796 4240 habuisse
815 4179 1008 4241 contendunt.
1032 4182 1105 4241 Nam
1123 4178 1147 4237 si
1165 4182 1281 4235 tanturn
1301 4174 1345 4234 in·

271 4258 348 4317 terni
371 4258 426 4318 sori
443 4266 615 4339 potestatem
630 4259 758 4322 ecclesie
778 4260 982 4341 concedimus,
995 4275 1174 4339 consequens
1188 4264 1247 4336 est,
1262 4265 1296 4315 ut
1310 4274 1343 4318 ea
