3575 5625
654 669 876 739 -tat-

272 815 301 914 §.
331 815 379 887 X.
416 812 492 888 Sola
526 817 674 912 exceptio
711 815 842 911 majoris
882 817 1224 888 excommunicationis
1260 819 1295 886 in

230 913 369 1010 qualibet
398 928 493 1010 parte
525 912 592 984 litis
627 914 752 1008 opponi
788 926 917 1009 potest,
960 916 1083 984 etiamsi
1120 939 1194 984 rens
1225 939 1297 984 eam

229 1012 389 1106 prefinito
429 1027 580 1108 tempore
609 1011 776 1096 omiserit,
819 1007 910 1106 quod
933 1011 1009 1108 jure
1034 1011 1185 1106 singulari
1219 1036 1299 1082 ceu-

228 1123 295 1178 tum
310 1124 382 1197 eet,
408 1133 454 1180 ne
468 1115 663 1204 quitquam
690 1111 731 1178 in
750 1109 958 1204 modum
986 1113 1120 1180 animo
1140 1133 1215 1180 cuca
1239 1133 1296 1180 ee·-

229 1210 484 1278 communicato
506 1209 770 1279 contmum'core
795 1217 944 1304 cupatur
962 1205 1026 1301 (1).
1054 1205 1197 1276 Tantum
1225 1219 1299 1300 post

229 1302 475 1398 appellationem
514 1304 680 1399 proposita
721 1301 794 1374 baec
834 1306 981 1398 exceptio
1013 1301 1131 1399 judieii
1169 1327 1299 1372 cursum

229 1423 294 1471 non
321 1399 459 1497 impedit
484 1399 560 1495 (2);
587 1397 644 1470 sed
660 1414 756 1470 antea
776 1398 881 1497 judex
909 1403 977 1497 ipse
1005 1426 1045 1470 ex
1072 1397 1182 1472 officio
1199 1397 1297 1470 debet

229 1494 355 1590 publice
391 1499 709 1570 excommunicatum
746 1522 766 1568 a
795 1496 923 1594 judicio
967 1493 1146 1594 repellere,
1188 1521 1300 1593 quem·

253 1619 323 1664 uam
369 1619 468 1666 nemo
512 1593 700 1693 hujusmodi
746 1597 971 1692 exceptionem
1022 1593 1178 1691 objecerit
1228 1593 1295 1690 (ὅ).

232 1618 389 1772 beoniam
442 1717 518 1765 vero
570 1691 748 1786 litigatores
795 1696 986 1790 exceptione
1035 1693 1300 1764 excommunica-

233 1790 322 1858 tionis
371 1787 414 1858 ad
452 1787 613 1862 texendos
646 1787 844 1860 adversarios
884 1788 1124 1876 abutebantur,
1169 1789 1300 1884 sapien·

233 1887 345 1957 tieime
370 1886 413 1956 ab
448 1885 643 1958 Innocentio
676 1885 724 1956 lv
760 1901 868 1957 certus
909 1903 958 1959 eet
998 1888 1193 1958 constitutus
1232 1886 1300 1982 ejus

233 1981 433 2078 opponendae
465 1984 582 2055 modus
610 1984 677 2081 (4)
708 1979 838 2054 Scilicet
870 2009 965 2074 reus,
1001 1985 1058 2080 qui
1091 1981 1145 2052 illa
1183 1997 1298 2055 eontra

234 2095 368 2152 actorem
415 2084 606 2179 exceptione
654 2082 778 2171 utitur,
819 2083 1001 2177 exprimere
1050 2081 1191 2177 speciem
1241 2103 1300 2150 ex-

235 2179 551 2267 communicationis,
584 2203 774 2275 nomenque
810 2179 1133 2252 excommunicatoris
1173 2175 1297 2266 debet,

233 2271 381 2371 illamque
417 2276 641 2347 demonstrare
673 2279 758 2345 intra
791 2274 861 2346 dieo
904 2291 998 2360 octot
1034 2299 1124 2346 secus
1166 2297 1300 2369 progre-

233 2368 383 2444 diendum
402 2372 508 2471 judici
529 2376 565 2442 in
587 2398 680 2444 ceusu
710 2386 781 2462 cot,
812 2397 849 2443 ac
876 2397 952 2444 reus
970 2375 1005 2442 in
1033 2396 1187 2468 expensas
1214 2395 1298 2442 con-

234 2465 444 2540 demnandus.
480 2469 582 2554 Quod
614 2471 640 2539 si
677 2472 798 2540 iterum
837 2470 907 2541 bec
945 2473 1092 2566 exceptio
1125 2469 1297 2566 objicietur

219 2579 326 2662 etque
350 2567 530 2664 probetur,
561 2583 651 2638 actor
686 2566 850 2665 ajudicio
877 2565 1066 2663 repellitur,
1101 2565 1158 2636 ced
1191 2565 1298 2636 velent

234 2685 266 2730 ea
289 2689 363 2760 quae
393 2679 482 2760 geom
507 2680 604 2750 aunt,
634 2679 710 2760 post
735 2663 816 2736 duaa
842 2689 918 2736 aero
946 2666 1029 2735 ricea
1061 2687 1130 2734 non
1159 2661 1298 2758 amplius

235 2759 339 2833 eodem
359 2765 530 2861 exceptio,
554 2765 616 2835 niti
630 2763 674 2835 ob
693 2764 816 2861 juetam
839 2787 992 2853 causam,
1016 2761 1157 2859 proponi
1178 2773 1297 2859 potest.

270 2911 293 2989 (l
330 2908 993 2994 Cop.12deExcept.(2)Cop.lldeExce
1016 2918 1037 2972 t.

270 2992 298 3073 (ὅ
331 2996 408 3076 Cup.
422 2995 462 3055 l2
476 2993 538 3072 cit,
553 3002 582 3057 ct
594 2997 649 3056 el
668 2992 733 3056 eod.
749 2994 782 3054 in
793 2995 824 3055 6.
840 2992 882 3075 (l)
900 2996 932 3055 C.
949 2996 963 3055 l
1004 3010 1019 3053 e
1033 2994 1155 3073 Except.
1172 2988 1205 3051 in
1216 2991 1247 3051 6.

277 3120 308 3220 S.
342 3122 407 3194 Xl.
451 3122 525 3193 Duo
562 3124 766 3220 potissimum
800 3123 888 3218 parit
927 3122 1094 3215 exceptio,
1132 3120 1299 3214 primum,

237 3220 317 3312 quod
338 3245 376 3291 ee
410 3235 498 3291 recte
524 3220 660 3317 probate
687 3221 850 3292 actionem
878 3215 1021 3288 excludit
1043 3218 1108 3287 sive
1132 3214 1183 3285 'ad
1214 3228 1303 3285 tem-

236 3339 309 3409 pus,
352 3320 422 3389 eive
461 3334 640 3414 perpetuo,
683 3331 783 3415 prout
826 3316 973 3412 exceptio
1027 3312 1199 3403 dilatoria,
1247 3326 1304 3383 aut

236 3418 451 3511 peremptoria
478 3430 529 3485 est
565 3414 639 3511 (1);
672 3416 834 3503 alterum,
873 3411 965 3511 quod
1003 3436 1078 3483 reus
1114 3410 1303 3505 exceptione

238 3524 318 3582 ector
342 3511 488 3583 efficitur
515 3510 581 3609 (ἓ)
618 3514 795 3609 Propterea
825 3508 1106 3608 quemadmodum
1133 3508 1171 3579 ad
1213 3522 1304 3579 ecto-

237 3630 299 3677 rcm
327 3608 491 3706 probandi
522 3633 605 3680 onus
638 3612 802 3708 pertinet,
831 3610 875 3679 ito
914 3620 947 3681 et
975 3632 1049 3679 reue
1078 3606 1217 3703 probare
1249 3603 1304 3674 de·

238 3699 288 3774 bet
306 3708 533 3803 exceptionem
560 3733 652 3779 tuam
686 3706 760 3803 (5);
784 3704 924 3804 quodsi
956 3706 1025 3801 ipse
1057 3730 1126 3775 non
1149 3716 1302 3799 praestet,

237 3814 339 3874 tamen
373 3820 464 3876 actor
503 3829 573 3876 non
609 3804 769 3875 liberatur
796 3803 838 3873 ab
876 3828 975 3876 onere
1004 3800 1186 3897 probandi,
1216 3822 1303 3897 quo-

237 3899 319 3969 niam
341 3927 436 3992 rena,
464 3902 524 4000 qni
556 3904 692 3999 excipit,
726 3903 843 3975 actoris
873 3899 1090 3973 intentionem
1122 3922 1190 3971 non
1221 3921 1303 3968 cen·

239 4012 320 4068 setur
344 3998 496 4071 confiteri
524 4000 591 4096 (4)

275 4156 317 4322 lli
335 4160 375 4304 l:
388 4156 567 4323 idolol
618 4156 751 4303 titt
765 4154 937 4322 litto.
954 4236 1125 4316 ierim.
