3575 5625
1321 574 1357 619 lx

294 698 425 763 Eadem
448 698 525 761 ratio
550 698 717 762 servabitur
739 704 800 759 tam
838 697 869 757 io
907 695 1174 769 nominationibus,
1204 714 1294 776 quam
1323 698 1354 758 in

275 783 413 844 canonica
427 781 611 844 institutione
622 798 743 856 eorum,
765 779 817 859 qui
835 779 867 840 in
879 787 1030 859 posterum
1042 778 1213 841 vacantibus
1228 778 1354 841 Sedibus

277 864 505 926 substituentur.

318 949 358 1007 iit
371 964 442 1007 sero
462 963 501 1006 ne
522 944 680 1005 minimum
693 940 814 1021 quidem
833 941 964 1004 dubitari
986 942 1076 1022 possit
1098 939 1136 1001 de
1154 940 1303 1015 sensibus,
1319 960 1353 1003 ac

275 1035 377 1087 mente
399 1027 608 1107 Episcoporum
629 1024 818 1106 (quamquam
848 1024 938 1087 etiam
970 1024 1034 1085 sine
1060 1022 1147 1084 ullius
1173 1024 1352 1103 obligatione

273 1107 450 1186 juramenti,
461 1108 546 1187 juxta
560 1106 709 1187 Evangelii
728 1107 914 1187 praescripta,
935 1103 1006 1185 quid
1022 1103 1171 1184 Supremis
1184 1106 1353 1184 Prepesitis

277 1189 404 1251 debeant
417 1191 528 1270 optime
540 1189 691 1262 noverint,
707 1196 795 1267 atque
808 1189 932 1269 implere
944 1184 1126 1264 teneantur),
1142 1204 1200 1263 quo
1214 1188 1352 1249 certiores

277 1272 337 1333 sint
348 1271 386 1333 dc
398 1289 501 1333 eorum
514 1270 575 1331 fide
587 1278 675 1349 atquc
687 1269 854 1331 obedientia
874 1269 1053 1349 Reipublicoe
1067 1272 1220 1339 Hectores,
1236 1286 1355 1331 consen·

277 1354 386 1428 simus,
402 1361 435 1414 ut
448 1353 581 1432 Episcopi
599 1360 755 1432 cuiquam
776 1352 944 1432 Episcopale
964 1354 1071 1413 Munus
1084 1348 1248 1430 gerendum
1262 1352 1356 1412 susci-

276 1435 376 1513 piant,
391 1453 490 1496 coram
503 1435 604 1496 Primo
615 1434 740 1497 Consule
747 1432 950 1512 juramentum
962 1432 1111 1495 fidelitatis
1124 1430 1260 1494 emittant
1275 1434 1355 1511 quod

278 1526 342 1577 erat
353 1517 384 1577 in
394 1535 477 1579 more
488 1517 616 1597 positum
627 1526 696 1579 ante
707 1516 870 1596 Regiminis
881 1514 1152 1585 commutationem,
1165 1516 1356 1591 sequentibus

277 1598 378 1660 verbis
390 1617 576 1679 expressum:
597 1601 685 1679 «Ego
706 1598 770 1657 'uro
792 1604 821 1659 et
842 1598 999 1678 promitto,
1020 1596 1057 1657 ad
1072 1598 1177 1657 Sancta
1195 1597 1247 1657 Dei
1265 1598 1357 1658 Evan-

278 1705 292 1735 ιι
320 1681 410 1759 gella,
422 1680 637 1752 obedientiam,
653 1688 682 1741 et
692 1618 863 1741 ddelitatem
878 1679 1028 1741 Gubernio
1042 1696 1095 1758 per
1109 1677 1355 1740 constitutionem

279 1788 294 1816 ιι
320 1763 474 1824 Gallicana
488 1761 666 1841 Reipublicae
679 1768 800 1822 statuto.
813 1764 888 1823 item
897 1761 1036 1841 promitto
1044 1760 1207 1820 menullam
1222 1777 1356 1820 commu-

278 1869 292 1898 s
319 1844 495 1906 nicationcm
509 1842 695 1916 habiturum,
710 1843 792 1904 nollo
804 1842 925 1905 consilio
938 1842 1165 1913 interfuturum,
1184 1842 1356 1922 nullamque

278 1951 292 1980 ιι
320 1935 484 2005 suspectam
497 1926 637 1987 unionem
649 1941 745 2004 neque
764 1926 858 1999 intra,
880 1940 977 2004 neque
997 1930 1079 1985 extra
1093 1930 1352 1998 conservatumm,

280 2033 293 2060 ιι
319 2026 385 2086 quas
399 2006 603 2087 tranquillitati
624 2006 749 2087 publica
768 2014 886 2085 noceat,
908 2006 981 2067 etsi
1004 2012 1064 2067 tam
1088 2006 1119 2066 in
1134 2006 1258 2067 blaseii
1271 2024 1353 2079 maa,

280 2114 293 2143 ιι
319 2107 408 2166 qnam
437 2090 508 2151 alibi
543 2089 676 2150 noverim
709 2089 822 2169 aliquid
851 2089 884 2151 in
915 2090 1013 2151 Status
1044 2086 1186 2149 damnum
1215 2089 1354 2163 tractari,

279 2195 292 2221 ι
321 2172 470 2233 Gobannio
491 2170 695 2233 manifestabo.
718 2194 731 2224 ιι

319 2252 484 2332 iisdemque
495 2252 532 2314 de
542 2254 635 2314 causis
645 2252 856 2325 consensimus,
868 2250 1080 2313 Ecclesiasticcs
1096 2249 1216 2311 secundi
1234 2250 1354 2312 Ordinis

279 2332 310 2392 in
330 2334 431 2396 eadem
456 2335 544 2397 vcrba
561 2334 663 2413 jurare
685 2352 784 2395 coram
808 2332 1039 2395 Auctoritatibus
1065 2332 1223 2407 Civilibus,
1249 2352 1352 2412 quaea

279 2416 451 2477 itcctcribus
465 2416 642 2497 Reipublicoe
654 2414 900 2497 designabuntur.

319 2499 393 2558 Cum
416 2498 597 2559 inscrutabili
619 2499 740 2560 consilio
760 2499 876 2561 Divinae
895 2496 1108 2568 Providentiae,
1131 2513 1198 2574 quae
1218 2496 1354 2577 largitate

276 2576 425 2638 donorum
439 2577 548 2655 ubique
562 2578 755 2650 diffunditur,
774 2587 878 2640 cuncta
900 2586 1041 2660 regantur
1063 2577 1235 2648 inmundo,
1251 2578 1354 2656 pietati

276 2676 459 2737 congruum,
484 2666 514 2718 et
536 2657 676 2735 publicae,
703 2675 792 2735 quam
818 2666 969 2739 optamus,
997 2660 1127 2721 felicitati
1154 2661 1350 2721 necessarium

273 2738 488 2818 judicavimus,
516 2747 550 2798 ut
578 2736 615 2799 ad
647 2737 805 2799 utilitatem
836 2739 1018 2819 salutemque
1049 2740 1208 2801 Galliarum
1229 2739 1354 2819 publicis

278 2820 414 2900 precibus
443 2821 583 2883 Divinum
610 2819 753 2881 auxilium
786 2821 972 2900 imploretur.
1011 2821 1122 2883 idcirco
1153 2823 1184 2882 in
1215 2824 1352 2885 omnibus

278 2904 407 2982 Templis
421 2902 652 2977 catholicorum,
666 2920 733 2982 que
746 2908 815 2963 sunt
826 2903 858 2963 in
872 2902 980 2976 Gallia,
995 2908 1062 2981 post
1074 2901 1174 2962 divina
1189 2902 1291 2964 Officia
1306 2905 1354 2965 bis

279 2985 378 3047 verbis
394 2985 548 3047 orabitur:

368 3115 381 3145 ιι
401 3090 544 3169 Domine,
560 3087 743 3256 sclccmlcc
754 3085 996 3172 Rempabliccm,·

362 3198 376 3226 ιι
402 3174 546 3252 Domine,
562 3171 661 3236 saluos
690 3191 724 3234 oc
739 3169 891 3235 Coasulco.
909 3196 922 3225 ιι

320 3306 697 3378 Constitutistlimccsibus‚
719 3325 787 3368 cum
808 3305 929 3367 omnino
946 3323 1063 3367 necesse
1082 3306 1121 3367 sit
1142 3303 1250 3365 limites
1265 3305 1354 3368 ctiam

280 3388 474 3450 Paroeciarum
488 3390 642 3461 constitui,
657 3407 760 3450 carum
771 3387 1071 3466 circumscriptionem
1083 3387 1121 3448 ab
1131 3387 1278 3466 Episcopis
1289 3387 1354 3450 fieri

279 3469 429 3541 volumus,
444 3489 510 3549 quaa
524 3480 621 3532 tomen
632 3471 863 3550 circumscriptio
873 3488 960 3532 suum
972 3488 1032 3531 non
1045 3470 1187 3532 sortietur
1199 3468 1352 3545 ellectum,

279 3549 334 3610 nisi
350 3561 503 3630 postquam
515 3553 657 3614 Gubernii
669 3571 826 3614 consensus
839 3553 1001 3614 accesserit.

319 3633 371 3693 ius
391 3634 560 3695 nominandi
581 3634 726 3696 Parocbos
745 3634 782 3695 ad
803 3635 958 3714 Episcopos
981 3631 1156 3714 pertinebit,
1180 3636 1231 3714 qui
1254 3644 1353 3698 tamen

279 3717 419 3775 Personas
433 3735 492 3776 non
514 3717 638 3795 caligent
657 3716 713 3777 nisi
736 3717 772 3778 iis
792 3715 911 3778 dotibus
933 3717 1106 3789 instructas,
1132 3735 1204 3794 quas
1219 3717 1353 3780 Ecclesiae

280 3797 409 3857 &nones
423 3796 591 3876 requirunt,
608 3795 708 3879 (atque
728 3806 762 3858 ut
783 3799 979 3879 tranquillitos
1004 3817 1039 3862 eo
1062 3798 1155 3878 magis
1179 3799 1211 3860 in
1225 3807 1289 3861 tuto
1303 3799 1353 3878 sit)

279 3878 429 3938 Gubernic
443 3887 583 3958 acceptas.

320 3962 394 4021 Cum
407 3978 476 4021 vero
490 3967 553 4020 tum
567 3961 745 4022 clericorum
766 3961 959 4034 institutioni,
979 3969 1044 4023 tum
1058 3957 1266 4041 Episcoporum
1280 3979 1352 4022 cco·

278 4041 359 4119 silio,
373 4059 493 4121 soaeque
506 4042 638 4104 Ecclesiae
652 4042 899 4106 administrationi
913 4044 1064 4105 consulere
1077 4059 1193 4104 necesse
1209 4043 1263 4112 sit,
1279 4042 1352 4104 illud

279 4141 338 4185 non
352 4124 519 4196 omisimus,
544 4131 579 4184 nt
601 4123 691 4186 iidem
713 4125 845 4205 Episcopi
867 4141 961 4188 onum
986 4124 1115 4186 habeant
1138 4123 1168 4184 in
1187 4122 1353 4186 cathedrali

378 4229 454 4276 ron.
485 4230 520 4276 ιι.
1188 4203 1249 4275 al.
