3575 5625
909 572 1126 645 -188-

480 735 596 787 cautum
617 731 676 801 est,
692 732 725 785 ut
743 728 843 787 lionam
857 742 950 786 causae
965 734 1133 807 agerentur.
1148 727 1362 807 Argumentum
1377 724 1449 800 boc,
1464 742 1533 804 prae·
1646 749 1647 802 ff

480 817 526 867 ter
553 816 678 884 ceteros,
707 808 798 869 solide
823 807 995 887 copioseque
1019 817 1234 887 persequuntur
1259 806 1366 868 fratres
1394 808 1533 869 ballerinii
1646 845 1647 862 .

480 889 531 951 cit.
555 897 623 950 mm.
640 892 659 950 2
674 908 741 973 opp.
761 892 794 952 S.
817 889 925 951 Leonis
947 886 1002 951 col.
1021 891 1097 965 983,
1123 898 1154 950 et
1173 890 1306 953 Zaomria
1329 887 1533 951 Anti-Febrem

480 970 590 1032 vindic.
610 990 679 1054 por.
701 971 808 1039 5disa.
830 974 849 1032 8
873 990 900 1033 o.
922 973 940 1031 6
1025 1016 1032 1031 .
1055 974 1116 1033 tot
1134 980 1163 1033 et
1188 990 1249 1055 aeq.
1269 971 1346 1033 flfud
1366 972 1534 1047 ridiculum,

480 1054 560 1131 qnod
584 1052 671 1114 habet
694 1052 863 1117 Dominicus
887 1053 1062 1116 cavalariae
1085 1053 1186 1116 instit.
1202 1056 1275 1114 dur.
1304 1072 1412 1116 conon.
1434 1058 1535 1137 pont

480 1154 544 1218 cop.
568 1136 618 1209 35.
643 1138 670 1197 Is
687 1138 765 1197 enim
778 1134 841 1217 §.fl
868 1160 881 1189 ιι
901 1135 1006 1197 Libens
1028 1137 1173 1217 agnoscit,
1192 1136 1241 1214 jus
1257 1136 1421 1216 appellandi
1435 1141 1536 1199 Rorna-

480 1236 548 1277 nam
572 1217 672 1278 sedem
700 1238 716 1280 a
742 1218 922 1299 synodorum
948 1218 1121 1279 inferiorum
1143 1218 1279 1296 judiciis,
1304 1226 1453 1298 tamquam
1479 1238 1539 1281 aon·

481 1310 645 1361 sectaneum
665 1302 811 1361 Primatus
831 1300 953 1363 Romani
975 1300 1123 1363 Pontifieis
1150 1301 1182 1360 in
1202 1301 1367 1361 universam
1395 1301 1538 1362 eoclasim

481 1380 583 1441 haberi
597 1399 695 1460 posse3
721 1392 764 1445 est
782 1382 862 1443 euim
883 1386 1030 1445 Romanus
1052 1382 1185 1444 Pontifex
1202 1383 1306 1443 ceteris
1329 1383 1471 1463 episeopis
1493 1403 1539 1445 su·

481 1463 596 1541 perinr;
625 1465 764 1526 naturalis
791 1482 861 1526 vero
894 1465 970 1524 ratio
996 1464 1101 1539 dictat,
1125 1464 1164 1525 ab
1188 1465 1376 1525 inferioribus
1400 1465 1438 1526 ad
1460 1484 1538 1546 supe

480 1545 589 1607 riorem
603 1546 818 1624 appellandum.
834 1573 846 1602 a
871 1550 948 1609 Tum
960 1544 987 1627 §.
1003 1548 1022 1607 9
1037 1555 1065 1608 et
1083 1564 1144 1631 aeq.
1162 1556 1284 1609 conatur
1304 1544 1476 1625 ostendere,
1490 1552 1540 1611 lto

449 1650 454 1661 ·
480 1644 581 1688 manos
605 1628 759 1690 Pontifices
793 1646 827 1690 eo
854 1622 922 1707 jur‘e
949 1646 1017 1690 usos
1044 1646 1104 1691 non
1125 1628 1231 1706 fuisse3
1255 1638 1354 1708 postea
1382 1628 1539 1707 sardicensi

481 1709 602 1770 concilio
612 1710 653 1771 eia
668 1710 757 1773 dandi
768 1710 880 1790 judices
894 1710 1060 1772 facultatem
1069 1711 1161 1772 foisse
1170 1728 1345 1785 concessam,
1358 1709 1411 1772 bos
1422 1729 1541 1773 mnoncs

481 1792 573 1853 scrius
594 1791 683 1854 fuisse
696 1800 842 1873 receptos,
859 1792 987 1871 denique
1005 1812 1059 1873 per
1080 1792 1165 1855 falsas
1178 1792 1282 1855 lsidori
1298 1792 1458 1855 decretales
1468 1814 1542 1855 sum·

480 1890 542 1933 mos
564 1874 718 1935 Pontifices
732 1894 791 1936 non
814 1882 928 1935 mutum
943 1874 1032 1937 dandi
1047 1875 1176 1954 judices,
1189 1876 1341 1937 sedetiam
1351 1874 1504 1956 judicandi
1513 1877 1541 1936 in

481 1954 573 2015 causis
591 1956 817 2034 appellationum
844 1964 1015 2035 potestatem
1038 1958 1209 2019 obtinuisse.
1238 1960 1323 2020 lfitto
1341 1959 1456 2034 omnia,
1482 1976 1542 2039 que

481 2036 661 2176 supradixi,
686 2046 719 2098 ac
738 2039 799 2099 suis
812 2038 882 2116 ipsis
900 2038 1050 2118 principiis
1069 2040 1260 2102 cavallarium
1278 2060 1379 2123 urgeo.
1396 2042 1427 2103 Si
1439 2041 1488 2121 jus
1500 2060 1543 2121 ap·

481 2116 671 2196 palatiorum
690 2127 911 2181 consectaneum
935 2129 979 2182 est
1006 2120 1163 2185 Primotua
1187 2124 1317 2185 Romani
1341 2122 1494 2207 Pontificio
1512 2124 1543 2183 in

482 2198 654 2261 universam
678 2198 842 2281 ecclesiam,
866 2204 889 2262 si
904 2202 967 2281 ipse
988 2203 1170 2283 appellator,
1193 2206 1262 2285 quia
1284 2206 1385 2267 ceteris
1405 2204 1543 2289 episcopis

483 2280 620 2363 superior
640 2291 698 2361 est,
724 2292 752 2344 et
764 2282 916 2346 naturales
939 2285 1016 2347 ratio
1032 2285 1141 2362 dictet,
1167 2284 1204 2348 ob
1227 2284 1420 2371 inferioribus
1437 2288 1480 2350 od
1496 2307 1544 2349 su·

430 2356 437 2373 ’
480 2363 625 2445 pauorem
651 2363 880 2449 appellandum,
905 2367 962 2427 hoc
985 2376 1029 2428 est
1048 2369 1073 2428 si
1088 2368 1138 2448 jus
1156 2370 1380 2449 appellationum
1404 2372 1543 2451 originem

483 2446 571 2506 habet
584 2466 601 2506 a
613 2450 684 2509 lure
698 2448 820 2524 Divino,
833 2468 849 2509 a
863 2467 922 2529 quo
934 2457 1013 2509 certe
1036 2450 1182 2512 Primatus
1195 2453 1305 2527 oritur,
1319 2452 1392 2530 quid
1418 2468 1544 2513 summus
1646 2481 1647 2494 κ

485 2528 618 2607 Pontifex
637 2547 709 2608 opus
724 2529 827 2591 habuit
839 2531 997 2592 canonibus
1022 2531 1257 2610 sardicensibus,
1284 2543 1335 2594 aut
1356 2533 1435 2595 falsis
1446 2531 1545 2597 isidori

485 2610 702 2672 ‹feerctalibusf
726 2616 789 2675 Non
806 2611 852 2673 hoe
873 2614 1044 2685 decretales,
1075 2633 1170 2694 neque
1195 2616 1237 2675 illi
1263 2634 1387 2677 canones
1404 2616 1546 2677 dedorunt

434 2714 438 2723 ¹
482 2692 531 2770 jus
547 2692 785 2771 appellationum,
806 2694 858 2755 sed
873 2694 955 2757 dedit
976 2697 1038 2775 ipse
1051 2697 1202 2771 Christus,
1216 2698 1266 2776 qui
1281 2699 1443 2760 Primatum
1465 2697 1547 2759 insti·

487 2774 553 2835 tuit.
570 2775 654 2836 Mitto
675 2782 782 2852 cetera,
804 2796 870 2858 qum
888 2778 1064 2842 Cavallarius
1085 2780 1214 2841 cumulat
1233 2788 1333 2842 matra
1352 2781 1401 2860 jus
1423 2779 1547 2862 appella-

486 2857 615 2928 tionum,
641 2859 721 2938 quod
746 2859 778 2920 in
808 2861 870 2940 ipso
898 2861 1029 2922 Primatu
1053 2862 1147 2924 inesse
1175 2864 1449 2925 demonstravimus.
1479 2867 1547 2926 llam
1646 2866 1647 2923 ζ

486 2940 547 3017 ipsa
568 2949 636 3002 sunt
650 2949 820 3021 argumenta
837 2943 1007 3019 Boebmeri,
1023 2946 1162 3022 Espenii3
1179 2947 1337 3023 Febronii,
1365 2954 1547 3018 ceterorum,

487 3039 559 3100 quos
569 3041 657 3102 supra
670 3024 876 3100 refutavimus,
894 3033 927 3086 ut
938 3025 1063 3105 proinde
1075 3026 1177 3088 eadem
1196 3028 1294 3090 omnia
1306 3029 1453 3107 quadrent
1467 3030 1548 3089 otiam

489 3104 519 3162 in
533 3105 740 3186 cavallarium,
757 3107 807 3187 qui
827 3107 951 3169 aliorum
975 3125 1089 3169 errores
1109 3109 1216 3171 litteris
1241 3113 1431 3193 consignavit.
1460 3107 1548 3174 Simili

488 3185 573 3262 plane
595 3188 728 3250 decausa
750 3189 784 3250 in
811 3189 888 3253 notis
915 3188 956 3251 nd
980 3186 1100 3252 titulum
1115 3189 1149 3251 dc
1162 3191 1333 3254 ¹iudiciario
1352 3190 1479 3255 eocbsioe
1500 3209 1551 3274 po·

490 3275 606 3344 testate,
630 3271 784 3349 separatim
809 3291 868 3333 non
890 3273 1081 3333 refutavimus
1105 3275 1316 3352 cavallarium,
1340 3275 1437 3355 quiin
1453 3272 1548 3338 fattit.

489 3366 691 3494 aonia
712 3435 1535 3512 ...

492 3512 615 3590 Espenio
635 3516 795 3594 ceterisque
816 3516 960 3578 similibus
979 3482 1131 3599 desumptis
1142 3459 1234 3581 qaum.
1259 3525 1334 3583 fiam
1354 3485 1458 3584 ocinum
1478 3480 1553 3599 inopi

493 3593 542 3652 tiis
569 3593 692 3672 explosis
715 3605 802 3676 atque
829 3599 959 3678 rejectis,
984 3601 1073 3661 etiam
1102 3603 1278 3680 Corollaria,
1306 3604 1388 3683 cujus
1418 3623 1474 3684 par
1497 3620 1553 3664 om·

495 3675 565 3735 nino
579 3693 662 3738 causa
682 3685 740 3754 est,
766 3680 943 3742 satisfactum
965 3681 1154 3744 arbitramur.
1180 3686 1276 3747 Liceat
1297 3687 1371 3747 mibi
1391 3687 1449 3748 boc
1470 3686 1551 3759 loco,

493 3757 632 3836 quoniam
655 3763 813 3822 memoravi
834 3761 940 3824 Isidori
954 3765 1122 3826 llercatoris
1138 3767 1359 3844 collectionem,
1384 3769 1468 3849 cujus
1481 3783 1554 3845 steps

496 3841 526 3900 in
546 3839 592 3901 bis
606 3840 837 3905 institutionibus
861 3845 972 3906 mentio
994 3848 1141 3923 occurrit,
1167 3849 1278 3929 aliquid
1302 3850 1553 3920 animadvertere.

495 3922 575 4001 quod
588 3930 653 4002 post
663 3924 775 3985 editum
786 3934 898 3987 tomum
918 3929 930 3988 l
951 3929 1120 3990 eammdem
1133 3932 1373 4010 institutionum,
1389 3933 1441 3995 ubi
1457 3934 1495 3996 de
1505 3931 1556 3992 bac

495 4005 664 4068 collectione
683 4007 806 4069 disserui
826 4027 897 4092 pop.
922 4009 961 4070 64
974 4017 1003 4069 ct
1014 4029 1087 4096 sap,
1111 4013 1240 4075 inteflexi
1255 4033 1290 4075 ex
1303 4019 1372 4077 ldae.
1387 4016 1509 4096 epistole
1523 4017 1554 4074 P.

496 4088 631 4150 Burrielii
654 4089 720 4150 data
734 4090 771 4151 od
782 4093 965 4152 Franciacum
980 4095 1127 4175 Ravagum
1141 4094 1190 4156 die
1205 4100 1244 4157 22
1259 4099 1427 4159 Decembris
1454 4099 1555 4168 lton,

497 4189 584 4248 quam
605 4171 678 4234 mihi
692 4171 844 4254 legendam
859 4173 941 4236 dedit
954 4178 991 4237 V.
1008 4176 1051 4238 ol.
1068 4179 1239 4240 Laurentius
1260 4181 1390 4257 liceras,
1406 4181 1456 4260 qui
1470 4181 1556 4241 etiam
