3575 5625
571 1436 577 1448 ’
627 1420 859 1494 APPENDIX
883 1420 911 1491 1.

583 1698 964 1776 conuertere

253 1864 321 1927 luter
342 1864 468 1927 Semnan
489 1861 630 1927 loutileen
652 1862 724 1927 lion
745 1864 894 1946 Septimum,
916 1874 941 1930 et
961 1864 1110 1930 labeculam
1132 1862 1293 1927 Gallicarum.

698 2022 837 2035 ὴ

235 2060 411 2191 Scncrrras
425 2129 482 2189 Sua
496 2144 629 2187 summus
647 2126 782 2189 Pontifex
799 2129 870 2189 Pius
888 2130 960 2202 Vll,
975 2134 1062 2207 atque
1077 2127 1191 2207 primus
1205 2128 1312 2189 Consul

236 2208 348 2287 gallicae
373 2208 565 2288 Reipublicoe,
588 2209 620 2269 in
644 2227 712 2270 suos
736 2210 898 2289 respective
921 2210 1191 2290 plenipotentiarios
1215 2211 1313 2271 nomi-

236 2297 358 2361 norunt,

276 2372 421 2433 Sanctitas
436 2374 509 2444 Sua,
521 2372 794 2435 Eminentissimum
810 2372 970 2433 Dominum
984 2370 1142 2435 Herculem
1156 2374 1309 2445 conservi,

235 2456 266 2514 S.
283 2456 320 2513 R.
337 2456 371 2514 E.
386 2453 737 2516 cardinalem-diaconum
750 2456 780 2515 S.
795 2452 918 2535 Agathae
933 2454 974 2515 od
988 2452 1175 2531 Suborrom,
1195 2473 1280 2515 suum
1295 2475 1312 2515 a

235 2534 358 2595 secretis
372 2543 480 2610 status3
495 2534 659 2617 loseplmm
672 2539 771 2610 Sama,
791 2535 1049 2615 Archiepiscopum
1066 2534 1215 2609 Corinthi,
1232 2539 1262 2597 S.
1280 2538 1311 2597 S.

235 2616 391 2695 praelatum
409 2614 601 2679 domesticum
622 2637 656 2678 ac
677 2616 828 2695 pontificio
846 2618 919 2676 solio
935 2616 1133 2695 assistentem
1152 2626 1181 2677 et
1199 2626 1313 2695 patrem

235 2700 370 2769 casanat,
384 2695 551 2778 theologum
565 2699 760 2759 consultorem
773 2699 803 2758 S.
817 2700 848 2758 S.
864 2698 975 2777 pariter
985 2700 1115 2760 munitos
1126 2698 1313 2760 facultatibus

236 2779 267 2839 in
282 2779 358 2840 bona
373 2787 402 2840 et
416 2779 515 2841 debita
531 2780 642 2856 lorma3
1179 2780 1188 2788 '

277 2861 394 2922 Primus
406 2861 529 2931 Consul,
542 2861 635 2931 cives,
651 2859 728 2919 cives
738 2857 902 2940 loseplcom
915 2862 1096 2931 Bouarcnru,
1114 2861 1313 2922 consiliarium

236 2948 345 3017 status,
359 2946 485 3013 enarer,
508 2941 706 3003 consiliarium
724 2941 834 3020 pariter
852 2948 962 3018 stetus3
981 2959 1013 3000 ae
1026 2943 1149 3002 Benuran
1163 2940 1313 3004 doctorem

236 3025 268 3084 in
285 3026 316 3085 S.
336 3023 498 3102 theologia,
515 3023 677 3105 parochum
693 3024 723 3083 S.
745 3021 835 3084 Laudi
854 3021 1088 3103 Andcgcvensis,
1106 3022 1200 3103 plenis
1220 3023 1313 3087 lacul-

235 3103 347 3166 tntibus
359 3107 506 3182 munitos;

281 3187 354 3260 Qui,
374 3196 440 3266 post
458 3187 513 3248 sibi
532 3193 636 3247 mutuo
652 3183 759 3246 tradita
778 3184 947 3264 respective
965 3185 1182 3266 plenipotentire
1200 3185 1312 3248 instru-

235 3277 335 3329 mente
343 3313 352 3343 ,
367 3268 404 3329 de
415 3269 451 3328 iis
464 3288 530 3347 qoae
544 3276 708 3347 sequuntur
721 3273 940 3328 convenerunt:
1150 3283 1151 3286 ’

642 3417 907 3493 CONVENTIO

291 3569 377 3628 Inter
390 3586 542 3630 summum
554 3565 831 3711 Ροπῑίβοὲηιαῌὶαηι
842 3567 1020 3650 septimum,
1035 3576 1064 3629 et
1077 3566 1259 3631 Gubernium

700 3670 718 3709 c
744 3668 875 3711 menum.

279 3779 462 3843 Gubernium
492 3781 671 3859 Reipublicae
700 3781 882 3861 recognoscit
913 3782 1094 3862 Religionem
1121 3781 1310 3852 catholicam,

238 3863 441 3942 apostolicam,
457 3879 609 3923 romanam
621 3879 685 3922 earn
698 3880 762 3924 eece
773 3863 972 3942 Religionem,
984 3865 1171 3944 quamlongc
1185 3863 1312 3922 maxime

238 3963 305 4024 pers
318 3944 427 4003 civium
443 3944 598 4004 Gallienam
609 3943 787 4024 Reipublicae
801 3945 968 4024 profitetur.

279 4029 418 4087 Summus
431 4026 565 4086 Pontifex
583 4026 750 4104 parimodo
768 4027 948 4104 recognoscit
966 4023 1098 4086 eamdem
1113 4022 1310 4103 Religionem,

238 4107 396 4167 maximnm
425 4109 598 4178 utilitatem,
629 4107 850 4184 maximumque
878 4108 966 4168 decus
993 4106 1170 4185 percepisse,
1200 4115 1230 4164 et
1258 4105 1312 4165 hoc

237 4207 355 4268 quoque
368 4197 500 4266 tempore
512 4189 675 4269 prestolari
687 4207 724 4252 ex
737 4188 879 4250 catholico
893 4190 973 4272 cultu
986 4189 1018 4250 in
1032 4187 1123 4252 Gallie
1137 4185 1310 4261 constituto,

335 4293 412 4338 rou.
442 4293 476 4339 ιι.
1165 4266 1209 4336 21
