3575 5625
862 635 1085 708 -594-

433 792 466 863 2,
490 788 596 848 71666.
624 787 737 847 16666.
760 781 815 846 661.
842 781 992 848 9996611.
1020 784 1127 847 161661
1150 782 1221 846 edit.
1252 785 1353 847 Venct.
1378 801 1444 862 ecs,
1459 787 1516 864 qui

433 879 499 949 post
513 869 692 947 baptismum
709 865 796 926 idolis
813 866 1028 942 immolassent,
1052 867 1117 948 ipso
1136 865 1220 950 sotto
1241 885 1258 926 a
1281 865 1414 926 fidelium
1428 885 1517 928 com-

431 951 572 1012 munione
587 949 693 1027 rejicit.
715 951 791 1010 Sane
807 949 947 1009 adversus
961 949 1148 1025 christianos,
1166 949 1216 1026 qui
1234 947 1320 1008 idolis
1334 947 1517 1009 sacrificium

429 1031 622 1106 obtulissent,
638 1048 696 1090 nou
715 1031 834 1108 propria
853 1031 1048 1105 confessione,
1065 1048 1124 1090 non
1142 1030 1287 1090 sententia
1308 1047 1381 1108 opus
1403 1031 1514 1106 luisse,

431 1114 484 1175 sed
502 1131 552 1172 eos
573 1110 655 1194 sacto
678 1111 791 1193 ipsein
815 1112 1146 1173 excommunicationem
1169 1110 1322 1186 incidisse,
1348 1112 1516 1172 rectissime

431 1193 671 1255 animadvertunt
684 1196 803 1254 Carnus
823 1194 917 1276 print.
935 1190 1091 1256 clrristinn.
1106 1201 1191 1275 port.
1216 1193 1317 1273 5666.
1334 1193 1367 1268 11,
1394 1194 1518 1254 611116-

431 1278 557 1358 666666
571 1275 647 1357 arip.
663 1271 764 1336 eccles.
780 1271 831 1335 lib.
846 1277 884 1338 16
898 1294 963 1358 cop.
981 1272 1040 1356 58.
1060 1277 1099 1336 16
1114 1282 1185 1335 torn.
1203 1276 1220 1335 7
1234 1291 1305 1356 pop.
1323 1275 1383 1334 161
1395 1272 1440 1334 ed.
1456 1273 1515 1335 cit.

431 1360 541 1421 Eadem
564 1364 607 1416 est
631 1356 706 1416 ratio
725 1355 831 1436 synodi
852 1360 1015 1438 Ancyranae
1038 1359 1143 1416 canl
1172 1362 1278 1438 etseq.
1306 1363 1377 1416 tom.
1407 1358 1420 1416 l
1450 1353 1512 1417 661.

431 1442 529 1512 1187,
545 1445 575 1497 et
588 1438 691 1498 eadem
707 1439 795 1498 etiam
817 1439 933 1498 concilii
951 1437 1143 1515 Antiocheni,
1158 1436 1239 1516 quud
1261 1455 1329 1498 can.
1348 1439 1363 1496 l
1392 1446 1464 1498 torn.
1491 1441 1515 1498 2

431 1519 488 1582 col.
519 1521 578 1580 1186
602 1520 667 1600 ipso
686 1516 770 1600 facto
790 1519 1057 1581 exommunicatos
1080 1527 1108 1580 et
1127 1516 1249 1581 66616616
1273 1517 1376 1601 pectes
1406 1520 1516 1580 statuit

428 1622 493 1679 eos,
517 1601 568 1680 qui
598 1609 698 1662 eontra
723 1601 833 1663 Nicrani
858 1601 973 1662 concilii
1003 1600 1120 1662 decreta
1145 1599 1251 1679 pascha
1278 1599 1513 1677 celebraverint,

429 1684 567 1744 similiter
583 1691 705 1762 propter
725 1682 805 1743 idem
819 1683 932 1744 lacinus
942 1683 1005 1763 ipsa
1018 1684 1095 1744 lacto
1110 1682 1220 1742 alienus
1233 1678 1271 1740 ab
1284 1682 1404 1744 ecclesis
1425 1681 1517 1760 jndi-

430 1774 477 1826 cat
515 1765 680 1843 episcopos,
712 1764 892 1840 sacerdotes,
926 1765 1079 1841 diaconos,
1107 1781 1216 1843 eosque
1248 1762 1286 1824 de
1325 1763 1385 1836 nit,
1419 1771 1516 1841 atque

429 1846 564 1908 camdem
581 1863 696 1926 penam
717 1844 827 1907 ad-eos
847 1863 965 1924 quoque
985 1844 1137 1924 producit,
1152 1843 1208 1926 qni
1229 1863 1248 1904 a
1330 1853 1342 1905 t
1365 1843 1405 1904 iis
1427 1862 1517 1906 6666-

430 1927 589 1990 nrnniccre
606 1935 676 2008 past
694 1922 916 2009 depositionem.
940 1927 1076 2007 synodus
1095 1927 1274 2007 Gangrensis
1298 1942 1400 1987 amnes
1419 1945 1518 1988 canc-

429 2028 498 2084 nes,
524 2010 575 2088 qui
599 2017 669 2068 sunt
693 2008 798 2090 viginti
822 2027 963 2086 numero,
985 2007 1126 2070 conclusit
1150 2007 1248 2070 verbis
1271 2004 1432 2070 nnatbesnu
1451 2007 1514 2079 sit,

430 2093 475 2152 611
490 2099 570 2170 patet
588 2107 624 2150 ex
639 2098 710 2151 tona.
735 2094 755 2152 8
774 2087 877 2152 666611.
899 2087 953 2152 col.
978 2091 1054 2166 169,
1070 2087 1179 2167 quibus
1199 2088 1320 2167 quidem
1342 2088 1440 2152 verbis
1457 2107 1516 2150 ex-

430 2173 656 2234 communicatio
677 2172 741 2250 ipsu
758 2172 826 2249 jure
844 2180 945 2233 contra
965 2179 1163 2253 repugnantes
1180 2171 1339 2232 constituta
1360 2171 1515 2251 significa-

429 2263 491 2314 tur.
509 2255 651 2316 Similiter
664 2254 795 2332 synodus
812 2253 992 2316 Turonensis
1003 2253 1017 2314 l
1029 2271 1095 2315 ecn.
1121 2255 1235 2314 86666.
1258 2261 1327 2312 tona.
1346 2255 1363 2314 t
1378 2249 1434 2314 661.
1449 2254 1511 2330 76,

429 2345 460 2394 61
481 2335 620 2395 venetica
644 2335 747 2395 con.5
770 2332 951 2396 16166661.
976 2336 1018 2396 80
1044 2341 1146 2396 contra
1169 2333 1341 2395 criminosos
1365 2336 1514 2413 quosdam

427 2417 493 2497 ipsu
509 2414 583 2496 jure
602 2415 933 2477 excommunicationem
957 2417 1073 2491 ierunt,
1096 2414 1288 2494 eamdemque
1307 2420 1516 2478 excommuni-

430 2499 574 2557 cationem
594 2502 738 2556 memorat
759 2497 917 2557 mutilium
938 2497 1291 2576 constantinopolitanum
1319 2501 1351 2560 S.
1378 2498 1514 2560 Flauiani

431 2581 526 2639 6619
546 2574 602 2638 661.
628 2579 703 2654 963,
727 2578 803 2653 966,
822 2579 899 2657 970,
921 2580 977 2640 971
999 2576 1245 2654 1661666611,
1272 2579 1401 2658 synodus
1425 2581 1516 2642 Tole-

429 2671 497 2721 1666
519 2663 560 2723 IV
574 2678 641 2720 can.
667 2656 833 2720 75666611.
857 2667 929 2721 tom.
958 2657 1052 2722 6661.
1078 2662 1302 2738 1171,666166
1329 2660 1453 2722 rebelles
1479 2673 1515 2725 et

428 2743 515 2825 regni
528 2741 695 2822 proditores
709 2739 773 2823 ipso
784 2738 864 2823 sacto
879 2741 1035 2803 anathema
1052 2743 1204 2803 constituit
1217 2741 1264 2802 his
1278 2742 1396 2804 verbis:
1420 2769 1433 2796 a
1448 2747 1514 2821 Qui

429 2834 531 2885 contra
572 2824 647 2883 banc
687 2832 817 2885 nostram
849 2824 1053 2886 definitionem
1090 2826 1322 2904 presumpserit,
1351 2825 1515 2889 anathema

428 2906 617 2982 maranatha,
634 2905 690 2967 hoc
712 2914 757 2967 est
770 2905 897 2985 perditio
916 2908 946 2967 in
963 2906 1092 2968 adventu
1107 2907 1226 2969 Domini
1245 2908 1294 2968 611.
1319 2932 1332 2961 a
1353 2907 1419 2975 Sola
1454 2928 1514 2971 rae·

428 2988 560 3071 susceptio
581 2996 684 3049 contra
700 2986 811 3071 synodi
828 2985 1034 3070 definitionem
1047 2988 1116 3049 satis
1130 2996 1189 3064 cst,
1210 2995 1243 3049 61
1264 2988 1330 3067 quis
1345 2998 1419 3050 anot
1438 3009 1515 3052 6666

429 3068 614 3133 snnrnnntbo
635 3071 684 3130 611.
707 3069 786 3145 Quid
802 3070 883 3130 aliud
900 3069 968 3131 tatae
989 3069 1142 3131 sententie
1163 3071 1424 3131 excommunicatio
1441 3078 1514 3133 est?

427 3154 508 3229 Quid
521 3152 617 3213 dicam
639 3150 677 3211 de
694 3150 850 3212 duodecim
874 3151 1155 3213 anathematismisa
1176 3155 1206 3213 S.
1228 3152 1337 3233 cyrilla
1360 3152 1510 3217 Alexand.

429 3235 569 3295 adversus
604 3233 773 3296 Nestorium
809 3233 996 3313 conscriptis,
1022 3250 1097 3312 quos
1122 3232 1285 3311 probarunt
1312 3232 1452 3313 Ephesini
1478 3248 1513 3299 et

427 3314 671 3375 Chalcedonensis
688 3313 803 3375 concilii
819 3316 940 3376 Patres?
955 3314 1033 3389 Quid
1054 3315 1094 3375 de
1110 3314 1278 3376 testimonio
1296 3316 1422 3377 auctoris
1439 3334 1513 3396 opo-

426 3398 469 3455 ris
491 3393 527 3455 de
547 3394 611 3454 vito
633 3392 878 3475 contemplation,
893 3414 982 3474 quem
1007 3395 1056 3457 alii
1080 3394 1172 3457 fuisse
1197 3404 1301 3475 putant
1327 3400 1511 3476 Prosperunr

427 3476 653 3554 Aquitanicam,
669 3476 721 3553 qui
742 3476 846 3537 eodem
871 3478 976 3537 seculo
1001 3474 1184 3553 Vflorcbat,
1204 3478 1253 3537 alii
1275 3476 1424 3541 lulianum
1448 3484 1514 3542 Po-

427 3559 555 3617 merium
570 3558 621 3634 qui
636 3556 739 3617 661666
757 3557 863 3619 saecula
877 3559 947 3618 riae
964 3575 1052 3619 usura
1066 3557 1237 3620 fruebatur?
1252 3562 1279 3621 ls
1296 3556 1460 3621 6616661111.
1490 3566 1513 3625 2

424 3641 528 3721 ccp.7
550 3639 660 3699 diserte
686 3638 793 3714 tradit,
823 3656 856 3697 ea
880 3646 967 3699 661616
991 3640 1111 3701 clericus
1135 3658 1224 3721 grave
1247 3641 1366 3719 aliquod
1390 3642 1513 3705 crimen

425 3720 615 3781 admittentes
632 3720 732 3780 statim
756 3720 788 3779 in
813 3720 878 3779 saro
900 3720 1086 3782 conscientiae
1111 3730 1139 3781 et
1166 3738 1263 3782 coram
1292 3726 1353 3783 Deo
1382 3722 1413 3783 in
1439 3742 1512 3785 sus-

424 3802 597 3883 pensionem
622 3800 777 3877 incidisse,
797 3818 885 3879 quam
907 3800 1027 3879 quidem
1049 3804 1356 3865 excommunicationis
1376 3806 1512 3883 speciem

424 3887 530 3957 161666,
549 3890 629 3943 recte
646 3881 886 3943 animadvertunt
902 3883 1104 3963 Albnspinoeus
1121 3882 1235 3947 obsera.
1257 3882 1307 3947 tt.
1334 3890 1346 3945 l
1374 3905 1442 3968 sup.
1469 3889 1507 3963 2,

425 3976 455 4029 et
469 3966 606 4030 Sulcerus
618 3962 749 4026 tbesonr.
766 3962 950 4027 6661661616.
969 3969 983 4026 1
999 3983 1072 4047 pop.
1085 3966 1159 4027 601.

472 4095 504 4193 i.
541 4094 601 4167 lX.
648 4092 721 4163 lam
762 4120 838 4166 reso
883 4064 1040 4183 mortalis,
1084 4119 1140 4164 seu
1175 4096 1279 4193 major
1316 4120 1509 4169 excommn-

422 4196 541 4267 nicatis
590 4192 759 4266 hominem
800 4193 896 4289 plane
944 4207 1070 4289 separat
1112 4208 1212 4289 atque
1262 4190 1413 4266 distrahit
1462 4196 1508 4265 ab
