3575 5625
660 551 712 654 -’
734 595 806 666 eso
831 637 880 654 -

226 746 269 807 ad
294 745 443 808 nundinas
464 753 574 809 certam
598 755 739 808 mutuans
765 747 898 825 pecatum
925 748 1136 826 quantitatem,
1164 739 1200 809 eo
1227 749 1307 828 quod

229 829 355 907 suscipit
369 830 400 888 in
419 847 451 890 se
472 829 652 908 pericnlum.
675 836 848 908 reoeptorns
871 827 984 906 aliquid
1008 831 1085 891 ultra
1102 838 1212 891 sortem
1235 849 1307 892 usn-

229 911 331 970 rarins
343 919 388 970 cst
401 910 574 972 censendus.
588 937 602 963 u
621 914 735 992 biegnae
746 927 782 971 ex
794 909 850 971 bac
860 909 1015 986 decretali,
1030 929 1118 990 qnam
1128 911 1221 973 edidit
1232 915 1307 974 Gre-

230 991 334 1070 gorius
348 993 407 1062 lx,
431 991 636 1054 conboversioe
653 999 726 1052 ortoe
746 999 828 1053 sunt.
843 991 969 1067 Quidam
984 994 1064 1052 enim
1077 1009 1131 1071 per
1155 1011 1219 1054 eam
1232 1012 1308 1054 nau·

230 1073 325 1132 ticum
356 1073 453 1134 loenua
478 1074 564 1154 plane
590 1073 755 1149 sublatum,
786 1080 816 1133 et
841 1073 936 1134 nullas
966 1075 1088 1134 omnino
1115 1091 1133 1133 a
1162 1073 1307 1136 creditore

230 1163 356 1232 propter
375 1156 556 1232 periculum,
578 1155 625 1216 cui
651 1155 768 1232 subest,
782 1173 886 1216 usuras
902 1154 992 1233 accipi
1014 1173 1099 1234 posse
1112 1154 1305 1216 arbitrantur.

231 1236 291 1298 alii
313 1254 418 1296 usuras
439 1238 571 1316 pecunie
598 1236 762 1316 trajectitite
787 1255 805 1297 a
827 1237 970 1317 Gregorio
994 1239 1036 1298 lx
1062 1244 1134 1298 tune
1157 1236 1252 1298 solum
1276 1238 1307 1298 in

230 1326 338 1378 mutuo
348 1316 454 1379 vetitas
465 1326 584 1397 putant,
598 1337 665 1378 corn
676 1317 723 1378 vel
734 1317 849 1378 nullum
862 1318 1008 1394 etimne,
1021 1319 1067 1378 vel
1078 1318 1249 1379 simulatum
1262 1327 1307 1379 est

231 1399 415 1476 periculum,
438 1400 521 1479 enjus
543 1400 638 1478 speeie
660 1400 849 1460 ioeneratores
869 1399 1089 1478 improbitatem
1111 1418 1194 1460 snam
1209 1407 1308 1480 tegere

232 1488 428 1555 conarentor3
454 1500 537 1542 secus
550 1481 601 1542 nbi
620 1481 787 1560 probabile,
805 1487 974 1542 notuerunt
988 1481 1152 1560 periculum
1177 1481 1225 1542 sit.
1250 1481 1307 1543 atii

233 1569 350 1622 tentum
363 1561 556 1623 immodicum
575 1571 605 1624 ct
619 1563 778 1642 injustum,
804 1581 863 1623 non
877 1564 948 1624 item
969 1563 1081 1642 justum
1096 1571 1125 1624 et
1141 1562 1307 1643 legitimum

233 1644 357 1722 periculi
378 1645 507 1722 pretium
531 1644 692 1724 improbari
719 1650 862 1705 statuunt.
888 1645 945 1706 atii
965 1646 1179 1725 Gregorianum
1194 1652 1307 1705 textum

234 1734 406 1804 corruptum
430 1745 493 1786 case
509 1734 630 1804 putant,
654 1727 685 1786 in
711 1744 805 1806 eoque
825 1725 987 1786 desiderari
1002 1727 1201 1807 negationem,
1219 1743 1308 1804 quam

231 1808 287 1885 ipsi
308 1806 438 1883 addunt,
454 1816 542 1886 atque
558 1810 599 1869 ita
612 1809 729 1889 legunt:
755 1833 770 1862 ιι
782 1809 938 1869 Usnrarius
957 1825 1015 1868 oon
1034 1816 1078 1868 est
1098 1807 1273 1868 censendus.
1287 1831 1301 1862 a

232 1892 345 1950 Verum
359 1889 422 1949 baec
443 1889 529 1950 lectio
540 1898 585 1950 est
599 1899 700 1950 eontra
722 1889 856 1950 codicum
879 1889 1012 1949 omnium
1037 1889 1147 1964 fldem,
1168 1887 1305 1966 aquibus

233 1977 313 2029 ecrte
340 1972 456 2050 negatio
477 1972 569 2032 abest.
590 1971 647 2034 Alii
669 1971 798 2050 denique
818 1971 934 2031 lucrum
956 1972 1081 2050 suscepti
1097 1969 1218 2050 periculi
1235 1979 1306 2030 tune

233 2069 332 2112 usurae
349 2052 415 2112 labe
434 2053 574 2114 iniectum
591 2060 727 2128 censent,
750 2071 818 2114 com
837 2052 912 2114 illud
934 2060 1072 2114 mutuans
1090 2051 1227 2130 consequi
1242 2051 1306 2112 vult

233 2134 433 2212 aucupante,
458 2134 504 2193 vel
523 2142 613 2195 eunte
636 2134 673 2195 ad
699 2135 847 2195 nundinas
871 2134 979 2204 invito,
1000 2142 1030 2194 et
1052 2141 1149 2195 coacto
1174 2131 1212 2193 ad
1236 2151 1307 2194 eon-

234 2219 359 2274 tractum
372 2215 600 2293 perficiendum,
617 2235 677 2276 non
691 2217 762 2276 item
776 2235 843 2277 cum
856 2215 979 2295 periculi
995 2217 1123 2294 pretium
1135 2233 1186 2274 sua
1202 2222 1306 2293 sponte

232 2303 263 2354 et
275 2295 426 2357 voluntate
437 2318 455 2359 a
468 2297 602 2358 debitore
615 2298 746 2359 oblatum
760 2305 814 2358 cst.
833 2301 894 2377 Ego
908 2295 1014 2358 barum
1030 2296 1305 2376 interpretationum

233 2376 343 2437 nullam
366 2378 476 2457 probo,
502 2397 598 2458 neque
621 2399 638 2440 a
664 2380 805 2459 Gregorio
833 2379 985 2440 nauticum
1008 2379 1104 2439 loeons
1127 2377 1305 2458 improbari,

232 2459 284 2519 sed
298 2467 414 2520 tantum
429 2461 528 2521 lodoci
552 2461 682 2521 arbitror
700 2460 983 2556 presumptionem,
1001 2479 1066 2537 quae
1077 2460 1221 2520 contraria
1236 2478 1307 2539 pro-

232 2538 352 2602 batione
372 2541 435 2602 tolli
451 2550 556 2621 potest.
578 2546 643 2605 Non
660 2559 739 2602 emm
757 2545 820 2621 ipae
835 2541 948 2621 inquit,
967 2541 1160 2616 creditorem,
1183 2541 1232 2619 qui
1254 2559 1307 2601 na·

231 2622 361 2702 riganti,
377 2623 423 2684 rel
437 2625 520 2685 eunti
536 2623 575 2684 ad
593 2623 740 2684 nundinas
762 2625 915 2703 pecuniam
937 2621 1031 2697 dedit,
1046 2641 1107 2684 esse
1123 2641 1227 2683 rcoere
1241 2639 1307 2682 usu·

231 2705 362 2778 renium,
388 2705 441 2766 sed
463 2713 578 2766 tanturn
601 2723 664 2766 csse
690 2703 884 2782 censendum,
909 2703 964 2766 hoe
990 2712 1034 2765 est
1054 2699 1306 2786 presumendum,

232 2785 289 2846 nisi
308 2784 389 2847 aliud
413 2787 595 2849 ostendatur.
618 2789 692 2851 Nam
713 2788 763 2867 qni
786 2786 940 2867 pecuniam
956 2785 1013 2847 hoe
1034 2784 1121 2847 modo
1141 2783 1248 2861 tradit,
1268 2784 1307 2845 la·

231 2868 288 2929 olle
305 2876 400 2947 potest
418 2870 541 2948 periculi
559 2870 685 2949 speciem
706 2868 848 2947 objicere,
864 2876 899 2928 ut
916 2886 1019 2928 usuras
1039 2884 1074 2927 ex
1089 2874 1192 2927 mutuo
1210 2866 1307 2943 perci·

233 2950 306 3027 piat.
326 2954 428 3027 ltaque
451 2961 485 3011 ut
503 2970 621 3013 omnem
635 2950 769 3011 fraudem
791 2960 821 3011 et
838 2948 961 3030 periculi
985 2947 1201 3007 simulationem
1227 2963 1307 3004 aver·

230 3038 274 3090 tat
295 3032 447 3107 Pontifex,
468 3034 571 3094 statuit
590 3040 625 3092 ut
645 3034 734 3093 etiam
754 3032 820 3105 illc,
842 3032 912 3111 qui,
936 3027 1084 3106 «Aliquid
1101 3028 1178 3087 ultra
1197 3034 1306 3087 sortem

231 3114 352 3191 recipit,
372 3114 503 3191 eoquod
526 3114 646 3193 suscipit
664 3116 695 3175 in
723 3131 754 3174 se
772 3112 952 3193 pericnlum,
975 3110 1127 3171 usurarius
1144 3106 1307 3167 censendus

232 3193 271 3253 sit
288 3219 303 3247 a
323 3194 437 3269 Quibus
459 3196 581 3273 quidem
597 3196 696 3256 verbis
716 3214 777 3255 non
794 3194 964 3255 usurarium
986 3208 1046 3253 eaac
1071 3188 1203 3251 decernit
1221 3204 1305 3264 eum,

232 3274 282 3353 qui
306 3276 422 3336 lucrum
447 3278 552 3356 accipit
570 3296 602 3338 eo
615 3276 695 3360 qaod
707 3276 833 3359 amcipit
843 3276 877 3337 a'o
898 3293 929 3336 ae
942 3268 1126 3356 perlentium,
1143 3268 1223 3349 quod
1237 3287 1307 3330 sane

232 3358 381 3417 mmmuni
400 3357 604 3439 theologorum
626 3359 779 3419 sententiae
802 3358 1018 3418 adversaretur.
1042 3356 1115 3416 llam
1135 3352 1171 3412 iis
1192 3358 1305 3413 eertum

232 3436 384 3518 fixumque
404 3448 463 3517 est,
484 3438 653 3518 hujusmodi
672 3439 848 3501 creditorem
867 3439 998 3516 accipere
1016 3436 1129 3497 fructus
1145 3451 1229 3513 posse
1247 3452 1307 3495 non

232 3538 318 3581 caum
333 3522 447 3597 mutui,
466 3522 544 3601 qnod
563 3522 658 3583 nullos
677 3522 753 3601 parit
769 3522 899 3597 tructos,
920 3519 971 3581 sed
989 3525 1110 3599 propter
1124 3515 1305 3595 periculum,

232 3602 312 3679 quod
328 3602 447 3680 suscipit
464 3605 527 3683 ipse
540 3604 670 3665 creditor
683 3610 781 3663 eontra
798 3610 935 3663 naturam
954 3600 1066 3676 mutui,
1084 3606 1173 3676 atque
1192 3597 1232 3657 ita
1252 3595 1306 3658 do-

232 3692 299 3744 cent
318 3686 349 3745 S.
363 3684 491 3745 Thomas
512 3684 546 3746 io
562 3692 651 3746 tract.
674 3681 711 3745 dc
725 3702 813 3746 naor.
838 3701 940 3766 opusc.
961 3683 999 3743 ⁷5
1019 3700 1071 3764 qu.
1091 3682 1122 3758 9,
1148 3682 1178 3743 S.
1194 3681 1304 3741 Antoni.

233 3763 265 3825 in
279 3766 300 3825 2
315 3783 387 3846 par.
404 3762 455 3826 tit.
475 3769 489 3828 l
512 3786 548 3827 cc
571 3764 655 3847 ὥς.
670 3768 724 3842 ll,
742 3765 895 3845 cajetanus
913 3764 945 3826 io
966 3782 1087 3825 summo
1107 3758 1186 3822 verb.
1209 3779 1307 3823 asaro

234 3846 364 3908 exterior
375 3864 453 3908 ocra.
473 3786 663 3909 duoddcimua
680 3865 784 3924 cneus,
801 3854 830 3907 et
844 3847 902 3906 late
917 3844 1108 3908 Covarrnrias
1128 3860 1194 3903 nor.
1217 3838 1304 3903 recol.

234 3924 283 3989 lib.
304 3929 323 3988 ὅ
341 3946 409 4008 cop.
425 3931 444 3987 2
458 3946 545 3989 num.
561 3930 591 3990 5.
609 3930 742 4009 Gregorii
760 3928 929 3989 constitutio
948 3935 1008 3988 tota
1028 3932 1071 3987 ast
1093 3925 1124 3984 in
1140 3918 1307 3983 inducenda

227 4006 311 4086 juris
334 4010 582 4091 peremptione,
608 4028 661 4089 per
683 4029 773 4089 quarn
796 4008 964 4088 hujusmodi
994 4006 1122 4067 creditor
1144 3997 1306 4063 censendus

233 4098 277 4150 est
294 4091 461 4167 usurarius,
482 4091 538 4151 nisi
556 4090 636 4152 alind
650 4091 794 4153 ostendat.
816 4090 936 4165 Quoties
954 4088 1045 4169 igitur
1063 4087 1159 4177 aliquo
1180 4082 1217 4176 de
1231 4100 1307 4141 nau·

233 4172 291 4233 tice
303 4172 417 4234 imnore
434 4174 630 4234 controversia
645 4182 706 4253 est,
722 4188 839 4252 semper
859 4170 998 4231 creditori
1017 4168 1112 4229 obstat
1137 4182 1212 4243 puris
1229 4180 1307 4242 prac-
