3575 5625
651 680 872 750 ..571-

218 855 295 899 rum
319 827 413 914 9003
446 827 502 897 sed
529 827 635 897 Titius
663 831 795 914 metuit,
824 813 867 899 ue
898 831 931 899 in
958 829 1011 899 illa
1040 829 1175 926 periculi
1201 830 1297 928 plena

219 929 442 1021 negotiatione
468 924 610 1023 aliquam
643 928 690 995 rei
722 924 806 995 datae
834 927 995 1022 jacturam
1024 927 1129 998 faciat.

267 1073 299 1172 §.
344 1071 495 1144 XXXll.
555 1070 670 1168 ltaque
720 1072 819 1142 alium
872 1070 1010 1142 absolvit
1074 1091 1297 1166 contractum,

220 1196 287 1268 quo
322 1170 520 1266 Sempronio
562 1171 700 1240 remittit
729 1185 763 1240 et
807 1169 972 1241 condonat
1002 1196 1115 1243 aureos
1147 1199 1300 1248 nummos

221 1271 483 1366 quinquaginta,
510 1293 547 1337 ea
579 1267 670 1362 lege,
696 1283 736 1336 ut
762 1266 823 1337 sibi
853 1293 982 1365 semper
1017 1285 1101 1340 sarta
1132 1286 1216 1342 tecta
1244 1299 1301 1343 sua
1361 1319 1369 1332 ·

220 1369 262 1436 sit
278 1369 440 1462 pecunia,
473 1380 531 1435 aut
559 1391 609 1436 res
639 1363 795 1462 quaelibet
824 1365 865 1434 ab
895 1391 930 1436 se
961 1366 1055 1456 data,
1089 1367 1193 1464 qualis
1224 1386 1302 1441 tan-

222 1463 445 1561 demcumque
475 1466 546 1562 ejus
584 1464 812 1558 negotiationis
850 1464 954 1535 exitus
984 1467 1025 1535 sit
1057 1465 1199 1538 iuturus
1236 1465 1303 1538 Sed

224 1561 286 1632 sibi
322 1561 471 1632 nondum
510 1588 561 1634 res
596 1564 672 1630 satis
702 1559 903 1632 considerata
946 1577 1045 1660 atque
1080 1567 1207 1658 provisa
1252 1569 1303 1635 ri-

226 1658 335 1730 detur.
380 1658 492 1745 Quare
533 1661 647 1731 tertius
695 1659 798 1728 initur
834 1675 1041 1750 contractus,
1085 1687 1151 1756 quo
1199 1662 1304 1733 Titius

226 1755 302 1828 alios
351 1755 548 1853 Sempronio
583 1754 734 1827 concedit
777 1782 890 1828 aureos
935 1782 1088 1828 nummos
1137 1761 1305 1856 quinqua-

225 1856 337 1948 ginta,
382 1871 481 1951 atquc
517 1855 572 1926 hic
616 1855 754 1924 vicissim
788 1853 949 1950 spondet,
988 1880 1056 1926 sese
1088 1852 1182 1926 alteri
1220 1882 1307 1953 quo·

227 1956 334 2022 tannis
368 1952 553 2025 soluturum
592 1977 705 2023 aureos
741 1967 897 2043 centum,
931 1956 997 2023 sire
1035 1951 1200 2045 secunda,
1238 1959 1305 2028 sive

234 2049 365 2122 adrersa
386 2052 599 2146 negotiationi
621 2048 754 2121 fortuna
777 2053 831 2123 sit.

280 2195 310 2297 ᾗ.
339 2197 502 2270 ΧΧΧΙΙΙ.
552 2197 723 2295 AEquusne
766 2198 880 2268 haberi
927 2197 1065 2288 debeat,
1113 2227 1155 2270 an
1198 2203 1306 2298 potius

231 2297 363 2392 iniquus
397 2295 450 2367 hic
481 2298 587 2367 trinus
619 2311 827 2385 contractus,
864 2299 1020 2368 memoria
1059 2295 1193 2368 Petrum
1229 2325 1308 2371 nos·

231 2406 357 2464 trorum
395 2419 511 2488 magna
554 2398 739 2464 animorum
775 2396 985 2465 contentione
1013 2397 1099 2466 inter
1125 2395 1304 2466 Martinum

231 2489 411 2561 Navarrum
451 2494 504 2587 (l)
540 2506 575 2562 et
608 2492 817 2562 Dominicum
855 2488 973 2562 Sotum
1017 2492 1070 2589 (2)
1105 2493 1305 2591 disputatum

228 2603 299 2676 est,
338 2613 478 2682 quorum
513 2589 595 2659 alter
628 2588 669 2657 ub
712 2614 751 2658 co
782 2613 889 2660 usurae
919 2589 1025 2659 labem
1062 2589 1192 2681 abesse,
1227 2591 1308 2661 alter

228 2703 338 2757 autem
374 2688 409 2754 in
443 2711 483 2757 eu
523 2711 656 2784 prorsus
697 2687 799 2756 inesse
839 2686 1070 2758 contendebat.
1109 2686 1221 2759 Deleta
1259 2704 1307 2758 est

229 2786 447 2855 controversia
483 2783 525 2856 ad
561 2783 690 2855 Sixtum
733 2782 764 2852 V
800 2785 870 2881 (ὅ),
908 2797 1006 2880 atque
1044 2787 1127 2881 ipse,
1160 2811 1196 2856 rc
1230 2784 1309 2855 dili-

230 2900 344 2973 genter
386 2884 538 2978 cognita‚
594 2883 726 2952 soenoris
773 2881 940 2952 damnarit
990 2898 1123 2977 pactum
1164 2885 1307 2954 societati

230 2978 442 3076 adjunctum,
474 3005 534 3075 per
564 2979 654 3075 quod
688 2980 767 3049 alter
800 3006 837 3049 ex
873 2978 966 3047 sociis
996 2976 1118 3073 duplici
1144 3002 1182 3047 ex
1216 2995 1308 3073 parte

231 3100 359 3148 securus
390 3076 551 3147 redditur.
588 3076 672 3147 Cum
717 3079 805 3147 enim
836 3099 875 3145 eo
906 3089 1000 3170 pacto
1039 3089 1202 3144 evertatur
1241 3075 1308 3144 tol-

231 3172 380 3271 laturque
425 3174 477 3245 lex
518 3177 699 3264 societatis,
736 3194 811 3270 quae
855 3174 890 3243 in
934 3174 1004 3267 pari
1045 3197 1102 3267 spe
1145 3170 1307 3268 similique

231 3272 374 3365 periculo
423 3290 602 3368 utrumque
646 3272 769 3342 socium
824 3296 891 3341 esse
943 3269 1063 3367 jubet,
1107 3294 1308 3367 consequens

230 3384 296 3457 est,
332 3384 370 3439 ut
408 3372 545 3466 pecunia
569 3395 608 3440 co
643 3394 764 3465 genere
792 3382 977 3440 contractus
1011 3366 1132 3439 credita
1163 3370 1197 3439 in
1230 3394 1308 3439 mu-

231 3480 321 3538 tuum
356 3467 588 3538 soeneratitium
623 3482 843 3538 convertatur.

282 3637 310 3715 t)
332 3640 480 3701 Navarrus
497 3639 529 3698 in
543 3636 681 3699 tnanuul.
701 3656 767 3719 cap.
787 3639 824 3697 tt
839 3655 925 3698 oum.
944 3638 1002 3699 ttt
1018 3646 1119 3723 etseq.

279 3719 309 3798 2)
332 3724 421 3780 Sotus
435 3718 471 3781 dc
479 3720 583 3802 justit.
601 3717 651 3781 lib.
670 3722 688 3779 6
703 3737 754 3802 qu.
772 3720 864 3780 tart.
882 3720 912 3781 ἓ.
959 3730 963 3737 ·

269 3801 310 3881 (3)
333 3803 433 3863 Sixtus
454 3806 481 3863 V
501 3801 619 3862 emittit.
643 3798 832 3863 Detestabilis
856 3799 897 3862 68
920 3808 990 3863 tom.
1015 3802 1034 3862 l
1056 3821 1127 3884 por.
1150 3804 1170 3863 l
1194 3800 1305 3864 bullar.

234 3882 359 3945 Roman.
372 3902 443 3965 paq.
458 3885 530 3944 tot.

276 4035 306 4136 §.
335 4038 502 4109 XXXIV.
537 4036 602 4109 Sed
645 4037 754 4136 plures
801 4054 913 4110 tamen
951 4054 1028 4109 sunt
1062 4063 1099 4108 ex
1134 4031 1308 4127 theologo-

234 4160 300 4204 rum
336 4153 370 4207 et
401 4139 642 4207 canonistarum
677 4134 827 4222 familiis,
856 4139 914 4231 qui
951 4138 1073 4205 trinum
1108 4132 1194 4201 hunc
1224 4156 1308 4204 cou-

136 4329 137 4334 ἵ
233 4246 367 4303 tractum
402 4250 489 4305 recte
525 4235 600 4303 iniri
637 4258 730 4330 posse
767 4232 952 4308 detendunt
981 4232 1053 4329 (l);
1094 4246 1127 4301 et
1161 4228 1192 4298 hi
1230 4232 1308 4327 qui·
