3575 5625
887 648 936 665 -
961 604 1034 678 260
1060 648 1109 661 -

505 755 535 923 ἱ.
569 754 650 830 XII.
692 754 863 845 Haeretici,
905 755 961 921 spui
997 754 1190 850 paenitentia
1223 752 1315 825 ducti
1351 752 1458 825 redire
1492 754 1534 823 ad

457 871 509 925 cat
532 853 648 925 olicam
686 854 852 925 ecclesiam
883 853 1003 939 reiut,
1034 854 1259 949 recipiuntur,
1293 850 1351 921 sed
1389 854 1533 948 primum

457 976 602 1023 errorem
648 950 800 1023 detestari
844 965 944 1048 atque
989 950 1135 1046 ejurare,
1175 948 1346 1045 fidemque
1390 947 1536 1020 catholi-

456 1074 529 1119 cam
556 1049 703 1146 profiteri
734 1047 868 1119 debent.
908 1048 1017 1144 Atque
1050 1044 1083 1115 hi
1118 1045 1254 1143 quidem
1282 1046 1324 1117 ab
1360 1048 1536 1142 asperiori-

456 1146 518 1215 bus
539 1143 722 1217 liberantur
751 1147 874 1241 poenis,
903 1143 961 1216 sed
987 1168 1092 1240 saepe,
1129 1169 1205 1214 cum
1238 1146 1282 1213 ita
1311 1168 1423 1214 rerum
1452 1146 1536 1214 ratio
1628 1138 1632 1152 '

455 1242 618 1339 postulat,
653 1259 814 1340 perpetuo
841 1246 960 1314 carceri
991 1240 1190 1311 addicuntur
1222 1241 1289 1337 (1).
1323 1242 1368 1311 At
1399 1266 1535 1329 eorum,

456 1366 540 1437 quos
581 1342 732 1439 relapsos
770 1364 942 1428 vocamus,
987 1342 1043 1435 qui
1084 1338 1205 1409 scilicet
1249 1338 1322 1434 plus
1365 1338 1467 1410 semel
1502 1342 1537 1408 iu

456 1436 607 1509 baeresim
637 1437 719 1536 lapsi
752 1452 851 1527 aunt,
882 1452 1052 1534 tamquam
1080 1436 1157 1507 ficta
1192 1434 1331 1507 babetur
1367 1444 1538 1531 poeniten·

456 1538 521 1624 tia,
551 1534 692 1631 ideoque
721 1538 782 1632 ipsi
814 1534 961 1607 saecuIari
986 1532 1092 1631 judici
1119 1531 1317 1622 traduntur,
1350 1550 1388 1604 ut
1419 1532 1538 1605 debitis

456 1634 565 1730 poenis
605 1632 791 1704 afficiantur
827 1630 894 1729 (1).
936 1631 978 1705 Iis
1012 1646 1125 1701 tamen
1164 1630 1375 1704 Poenitentiae
1401 1648 1436 1703 et
1468 1631 1539 1701 Eu·

458 1728 615 1803 charistiae
661 1745 861 1802 sacramenta
904 1754 974 1803 non
1011 1728 1236 1825 denegantur,
1286 1731 1314 1799 si
1367 1727 1539 1801 manifesta

458 1826 610 1901 dederint
635 1830 837 1925 poenitentiae
860 1842 1065 1923 argumenta.

499 2000 542 2083 (t)
565 2002 636 2084 Cap.
662 2003 700 2062 tt
719 1998 755 2063 de
779 1998 881 2063 burst.
905 2000 1013 2063 censer
1027 2001 1116 2060 etiam
1137 1999 1328 2062 Benedictum
1347 1996 1418 2061 XIV
1442 2008 1536 2061 const.

458 2085 512 2227 deb
543 2080 774 2226 mppp52⁴9§.
797 2085 830 2145 11
858 2090 930 2144 tum.
952 2082 1050 2164 Iejus
1068 2078 1178 2143 bullar.
1201 2099 1274 2164 pap.
1299 2082 1358 2143 513
1376 2078 1424 2142 ed.
1450 2084 1537 2143 flue.

500 2243 543 2325 (2)
567 2248 640 2327 Cap.
658 2243 758 2309 baud.
774 2244 807 2307 ia
823 2247 854 2307 6.

507 2394 537 2496 §.
568 2396 667 2469 XIII.
707 2397 810 2470 Vetus
840 2397 1008 2497 disciplina
1040 2400 1228 2490 haereticos,
1264 2404 1322 2498 qui
1350 2348 1391 2471 ad
1421 2400 1538 2473 catbc·

457 2495 554 2566 licam
586 2498 755 2567 ecclesiam
789 2494 981 2587 veniebant,
1012 2524 1088 2570 cum
1123 2502 1159 2569 in
1196 2498 1310 2571 haeresi
1345 2502 1414 2570 nati
1455 2500 1539 2596 bap-

461 2595 614 2690 tizatique
651 2590 806 2685 ruissent,
844 2592 885 2663 ab
924 2594 986 2666 illis
1016 2596 1255 2691 distinguebat,
1289 2599 1346 2694 qui
1386 2596 1425 2667 ad
1468 2622 1538 2669 eam

458 2689 631 2781 redibant,
670 2716 745 2762 curn
782 2690 936 2788 baptizati
975 2707 1009 2764 et
1042 2693 1170 2766 educati
1204 2697 1240 2765 in
1277 2691 1346 2765 fide
1383 2692 1540 2765 catholice

458 2788 615 2878 fuissent,
646 2815 683 2860 ac
708 2801 819 2886 postea
846 2788 1054 2862 descivissent
1075 2791 1141 2889 (I).
1176 2789 1230 2863 Illi
1261 2795 1351 2862 enim
1378 2817 1447 2862 non
1483 2818 1541 2888 per

457 2889 686 2984 poeniteutiam
720 2885 848 2980 scium,
883 2887 941 2958 sed
972 2914 1033 2984 per
1069 2915 1229 2960 manuum
1268 2892 1366 2960 etiam
1403 2893 1542 2985 Imposi-

458 2986 607 3071 tionem,
644 3010 681 3056 ac
715 2986 743 3054 si
774 2987 809 3055 in
850 2984 966 3058 boeresi
1010 2989 1101 3056 uncti
1139 3012 1208 3058 non
1249 2986 1402 3074 fuissent,
1441 2989 1541 3058 etiarn

460 3106 521 3178 per
568 3083 649 3153 sacri
702 3079 884 3153 chrismatis
932 3086 1122 3155 unctionem
1171 3081 1414 3180 recipiebantur
1469 3087 1536 3180 (2).

460 3176 671 3274 Quamquam
710 3181 798 3250 enim
844 3180 1023 3277 baptismus
1072 3179 1176 3251 valide
1218 3180 1353 3251 collatus
1400 3179 1541 3252 babere·

461 3290 539 3363 tur,
574 3291 685 3346 tamen
717 3301 869 3373 suspensa
907 3276 1076 3348 videbatur
1110 3303 1244 3348 manere
1275 3278 1433 3363 charitas,
1467 3302 1540 3374 quae

460 3374 499 3442 iu
527 3369 594 3442 sola
623 3371 764 3444 ecclesIae
800 3377 925 3444 unitate
955 3373 1117 3455 habetur,
1155 3374 1262 3447 donec
1296 3374 1338 3444 ad
1371 3374 1541 3448 catboIicae

460 3469 573 3538 matris
605 3466 715 3538 sinum
739 3469 943 3542 accederent.
981 3471 1104 3543 Contra
1141 3473 1200 3569 qui
1238 3473 1382 3569 primum
1424 3472 1541 3543 cathu-

461 3563 536 3651 Iici,
589 3561 742 3660 deinceps
784 3563 929 3638 haeretici
969 3568 1121 3657 fuerant,
1179 3568 1426 3666 excipiebantur
1484 3592 1542 3665 per

462 3660 712 3758 poenitentiam,
760 3687 839 3760 quae
887 3662 1017 3736 brevior
1063 3664 1233 3761 longr‘orre
1271 3681 1340 3736 erat
1387 3689 1451 3762 pro
1487 3690 1542 3734 rs·

462 3759 552 3830 tione
576 3781 687 3828 rerum
711 3783 748 3830 ac
772 3773 961 3856 temporum
987 3760 1156 3859 disciplina
1190 3763 1259 3861 (ὅ)

505 3919 548 4002 (t)
569 3919 676 3983 Confer
694 3922 726 3983 S.
747 3923 946 4003 Augustinus
964 3941 1010 4004 ep.
1029 3925 1068 3985 93
1087 3922 1128 3984 ad
1154 3925 1286 3987 Vincent.
1306 3925 1395 4006 episc.
1418 3943 1487 4007 cap.
1505 3923 1543 3984 tt

465 4021 482 4064 c
502 4021 534 4084 p.
559 4011 629 4064 tom.
653 3999 745 4064 scot.
769 4004 829 4069 att
848 3999 893 4064 ed.
914 4005 1052 4065 Mauris.
1078 4006 1153 4066 Vsu.
1175 4008 1255 4068 1719
1279 4014 1307 4068 et
1325 4000 1415 4068 Iib2
1441 4013 1544 4068 contra

491 4079 721 4146 rescandum.
738 4103 803 4166 cup.
821 4087 860 4146 16
874 4091 943 4146 turn.
961 4083 1048 4148 θεοί.
1065 4088 1125 4146 tta
1139 4085 1190 4148 cit.
1207 4087 1278 4149 edit.

507 4163 550 4248 (1)
571 4165 647 4230 Vide
658 4169 778 4228 Petrum
789 4165 827 4229 dc
841 4169 936 4231 Marsa
948 4167 981 4230 in
992 4187 1061 4231 cars.
1077 4169 1117 4230 28
1130 4166 1237 4232 concil.
1255 4167 1438 4231 clermont.
