3575 5625
647 713 843 785 ..99-

227 877 291 932 sunt
330 863 387 958 qui
433 859 553 955 singuli
596 858 639 932 de
689 861 859 959 disjunctis
907 860 1104 959 diversisque
1155 863 1281 934 neribus

226 973 391 1048 letentur,
422 960 547 1054 iisque,
578 961 665 1029 inter
688 984 770 1056 quos
801 958 843 1030 de
862 957 979 1030 eodern
1004 976 1077 1030 ectu
1108 985 1174 1032 nun
1203 986 1280 1033 eon·

226 1059 300 1126 renit
327 1056 396 1152 (2),
432 1081 541 1152 neque
600 1058 633 1127 ui
660 1080 730 1125 rem
760 1081 800 1126 ex
836 1055 952 1126 auditu
978 1055 1278 1152 deprehenderint,

225 1156 288 1250 quia
310 1167 406 1224 testes
440 1155 537 1223 auriti
569 1083 701 1250 plenam
742 1153 802 1223 eibi
838 1153 942 1226 fidem
981 1179 1049 1224 non
1093 1153 1281 1244 vindicent,

224 1252 275 1320 nisi
299 1249 359 1320 eliu
389 1267 510 1346 praesto
536 1252 604 1320 sint
626 1251 842 1340 adminicula,
876 1266 934 1322 eut
965 1253 1027 1321 nisi
1057 1251 1146 1322 aliud
1180 1275 1282 1324 eeusae

223 1362 325 1418 nature
351 1348 496 1443 postulet
523 1348 598 1444 (3);
627 1347 769 1443 deniqne
803 1347 894 1419 nullo
929 1350 1006 1418 vitio
1044 1349 1191 1420 laborare
1222 1348 1285 1420 de-

223 1444 310 1534 bent,
337 1461 472 1542 propter
507 1445 638 1540 quoda
666 1448 851 1518 te'stimonio
885 1443 1101 1544 repellantur.
1138 1445 1282 1530 Quidem

224 1545 299 1611 enim
332 1542 374 1611 ab
408 1541 561 1614 omnibus
587 1543 717 1640 judiciis
762 1559 934 1636 areentur,
974 1543 1108 1640 qnidam
1140 1542 1181 1614 ab
1221 1542 1283 1614 eli·

224 1639 349 1734 quibus3
394 1639 614 1736 quorumdem
651 1641 836 1712 testimonia
875 1667 937 1738 pro
979 1643 1075 1712 eertis
1116 1643 1280 1736 personis2

224 1735 429 1830 quorumdem
456 1753 568 1810 eontra
589 1754 692 1810 certes
724 1763 876 1837 personne
899 1763 967 1810 non
992 1740 1207 1836 recipiuntur.

258 1921 296 2002 (7)
314 1926 346 1984 b.
388 1925 409 1984 8
434 1922 499 1985 eod.
536 1923 573 1986 de
602 1923 722 2002 777ιὶ7,
752 1943 779 1986 7.
815 1927 855 1987 59
880 1933 908 1986 et
942 1927 981 1986 75
1006 1921 1068 1986 eod.
1095 1924 1172 1986 Vide
1197 1925 1285 1985 etiem

223 2003 385 2081 Cepituleriu
399 2006 494 2067 Guroli
516 2009 557 2067 bl.
575 2003 627 2068 lib.
649 2009 668 2067 7
690 2025 758 2089 cup.
784 2008 844 2068 785
860 2015 883 2068 t.
901 2010 914 2068 7
937 2003 992 2067 777.
1018 2007 1076 2066 777
1092 2003 1140 2066 ed.
1162 2003 1288 2067 Beluzir'

226 2084 316 2146 Vener.
340 2089 434 2150 7777.
452 2091 539 2149 Forte
554 2088 642 2168 hujus
656 2090 858 2150 sacrementie
874 2088 996 2149 testibus
1010 2087 1164 2148 emittendi
1184 2106 1285 2149 neees-

223 2165 284 2226 eins
294 2168 377 2244 feeit,
396 2177 501 2229 utnon
515 2170 573 2230 nisi
592 2190 608 2230 7
617 2170 726 2249 jejunis
740 2171 941 2231 testimonium
956 2169 1019 2230 deri
1036 2169 1167 2230 deberet.
1188 2174 1222 2231 ln
1237 2189 1285 2230 77-

222 2245 386 2323 pituleribus
416 2251 509 2312 Caroli
532 2255 576 2312 bl.
606 2259 636 2311 et
653 2253 792 2313 ludovici
807 2252 854 2313 Pii
872 2249 924 2313 tit.
948 2255 1045 2332 beap.
1068 2253 1138 2326 757,
1165 2259 1191 2310 et
1218 2249 1239 2311 7.
1266 2253 1285 2311 6

223 2345 282 2409 cap·
296 2332 370 2408 277,
389 2330 468 2410 opud
487 2333 637 2393 Buluzium
653 2341 675 2392 t.
694 2335 707 2394 l
732 2329 785 2394 707.
809 2336 868 2394 7787
884 2341 912 2395 et
929 2333 990 2394 678
1008 2329 1054 2393 ed.
1075 2333 1124 2394 777.
1143 2333 1286 2411 seriptum

222 2418 278 2469 διε
309 2438 322 2465 ι
347 2413 478 2474 Omnino
504 2413 619 2491 nullus,
643 2415 699 2474 nisi
724 2414 860 2493 jejunus,
884 2414 923 2475 ed
947 2413 1163 2493 juramentum,
1185 2414 1287 2474 velud

221 2490 414 2554 testimonium
426 2493 611 2555 admittetur.
627 2519 640 2549 n
662 2495 748 2571 Quod
761 2495 841 2558 idem
855 2496 1046 2559 constitutum
1062 2503 1106 2556 ειιι
1124 2494 1157 2555 ιἰι
1171 2513 1197 2554 7.
1219 2497 1232 2556 7
1252 2493 1288 2556 de

222 2571 340 2652 Teetib„
367 2572 481 2636 Nullus
513 2576 715 2638 tertuuom'um
747 2576 842 2654 dieat,
871 2578 934 2640 niti
953 2577 1092 2660 jejunus.
1127 2579 1217 2651 Nem,
1243 2578 1286 2638 uti

218 2657 354 2717 sancitum
366 2657 457 2717 estin
470 2675 595 2733 (renone,
611 2677 699 2736 quem
715 2661 842 2722 Cornelii
862 2663 896 2721 P.
917 2660 1036 2720 nomine
1055 2657 1195 2720 describit
1213 2659 1289 2718 Bur-

219 2734 338 2800 ebnrdus
357 2738 391 2798 in
407 2741 498 2798 Deer.
520 2736 542 2800 7.
561 2741 599 2800 77
613 2758 679 2822 cap.
696 2741 753 2814 77,
775 2765 789 2794 ι
805 2745 966 2803 Honestum
981 2748 1011 2800 et
1022 2739 1134 2821 justum
1152 2738 1287 2815 videtur,

220 2821 308 2897 etqui
330 2822 363 2881 in
386 2820 494 2881 sanetis
519 2822 607 2883 audet
628 2822 745 2902 jurare,
770 2821 826 2883 boe
845 2822 965 2902 jejunus
988 2822 1090 2897 lueint,
1118 2838 1184 2881 eum
1209 2823 1289 2882 omni

221 2898 365 2963 honestate
379 2910 411 2961 et
425 2902 531 2962 timore
543 2904 609 2964 Dei.
626 2930 639 2957 ι
657 2906 733 2967 Sene
747 2912 830 2964 vetus
845 2904 908 2965 boee
921 2911 964 2965 est
978 2904 1105 2966 eeclesioe
1120 2901 1287 2980 discipline,

220 2990 320 3043 utnon
337 2984 399 3044 niei
420 3002 437 3043 ι
456 2984 564 3062 jejunis
584 3003 664 3045 suere
686 2992 850 3046 tractentur
866 3004 972 3047 eonon.
993 2990 1012 3047 6
1035 2992 1063 3044 et
1083 2986 1101 3045 7
1124 2982 1195 3044 diet.
1220 2986 1238 3043 b
1256 2982 1291 3045 de

221 3064 349 3125 7777777.
371 3065 433 3127 Sed
454 3083 492 3125 ne
512 3065 697 3144 despicienda
715 3066 835 3144 quidem
852 3067 971 3127 videtur
988 3066 1153 3143 eonjeeture
1172 3081 1290 3139 eorum,

219 3146 263 3220 qni
278 3154 369 3207 testes
385 3146 502 3224 jejunos
521 3148 721 3210 testimonium
745 3148 823 3209 serre
841 3147 977 3207 debuisse
998 3153 1118 3224 putent,
1134 3160 1172 3203 ne
1195 3145 1291 3206 onusti

219 3228 281 3286 rino
296 3236 326 3289 et
343 3228 414 3289 cibo
436 3228 652 3306 perturbatum,
673 3237 724 3289 rut
739 3230 837 3289 minue
856 3246 956 3288 verum
972 3226 1187 3287 attestationem
1205 3226 1292 3285 emit-

220 3315 318 3370 terent.
330 3314 425 3373 >sane
445 3310 476 3369 in
495 3309 599 3371 iisdem
615 3310 830 3390 capitularibus
848 3310 944 3372 Caroli
967 3312 1007 3373 bl.
1036 3316 1066 3369 et
1082 3306 1219 3368 Ludoviei
1247 3307 1291 3369 Pii

218 3408 240 3448 7.
257 3392 314 3453 tot
332 3389 386 3453 777).
411 3389 499 3453 blot.
521 3391 574 3452 eit.
593 3389 648 3454 eol.
673 3394 732 3453 toa
754 3400 872 3453 eentum
893 3400 955 3469 est,
978 3398 1012 3452 ut
1037 3414 1050 3443 ιι
1071 3388 1173 3452 Nullus
1192 3388 1292 3451 ebrius

218 3488 293 3531 sueni
311 3490 433 3534 enusern
451 3474 483 3533 in
502 3473 590 3533 mullo
608 3473 697 3553 possit
714 3475 904 3552 nequiret-e,
924 3490 977 3534 nee
1000 3471 1217 3545 testimonium,
1239 3488 1293 3532 nee

218 3551 353 3629 placitum
368 3557 474 3616 comes
490 3552 612 3627 babent,
629 3555 686 3615 nisi
701 3554 830 3633 jejunus.
850 3580 864 3609 ι
888 3554 965 3615 illud
984 3552 1021 3614 de
1043 3551 1185 3631 episeopis
1199 3560 1292 3613 etatu-

219 3642 275 3693 tum
296 3645 342 3697 εει
359 3632 469 3695 Νου77.
493 3636 553 3696 775
575 3654 642 3718 eup.
668 3636 702 3712 7,
728 3654 777 3697 eos
797 3654 856 3696 non
878 3635 1009 3696 adinstar
1029 3635 1153 3695 eliorum
1174 3634 1293 3693 testium

215 3712 424 3794 jurejurando,
440 3716 492 3777 sed
511 3715 571 3777 tide
584 3724 700 3777 tuntum
715 3737 783 3793 sue,
802 3725 836 3777 ut
856 3715 940 3777 decet
957 3717 1121 3776 eneerdotee
1140 3714 1209 3789 Dei,
1230 3731 1294 3793 pro·

218 3799 313 3873 positis
323 3798 437 3859 eunetis
447 3798 626 3878 Evungeliis,
638 3799 839 3859 testimonium
854 3798 932 3858 ferre
947 3798 1093 3875 oportere.
1110 3795 1293 3857 Triburiensi

217 3886 311 3940 eutem
337 3880 464 3940 ooneilio
479 3898 553 3939 uren.
576 3880 637 3941 895
652 3899 719 3941 con.
734 3882 771 3942 77
794 3876 849 3940 eol.
866 3881 927 3940 670
950 3886 1020 3940 tom.
1041 3880 1074 3939 77
1093 3874 1159 3940 7777.
1186 3876 1294 3939 Lnbbei

217 3964 360 4023 sancitum
379 3969 443 4035 est,
463 3968 497 4020 ιιι
517 3984 530 4014 e
549 3961 708 4041 Presbyter
726 3962 789 4023 viee
801 3960 962 4038 juramenti
981 3978 1035 4040 per
1048 3968 1176 4020 sonetum
1193 3974 1296 4018 eonse-

218 4044 378 4104 emtionem
407 4044 622 4122 interrogetur,
651 4043 720 4121 quie
743 4041 907 4103 secerdotes
932 4060 967 4103 ex
994 4041 1051 4103 levi
1079 4058 1164 4102 censo
1195 4039 1296 4115 jurare

216 4140 272 4184 non
286 4124 415 4188 debent.
428 4148 441 4176 n
463 4125 587 4186 Consule
601 4123 800 4186 Christianum
811 4126 925 4203 bupurn
941 4120 1077 4205 Append.
1095 4118 1135 4181 ad
1150 4115 1293 4199 Ephesio.

217 4201 357 4267 77777777.
384 4224 451 4285 cap.
476 4206 495 4265 7
517 4214 574 4266 αει.
596 4208 609 4267 7
637 4224 706 4287 opp.
732 4214 801 4265 tom.
826 4206 931 4287 tpnq.
955 4206 1015 4266 770
1034 4200 1079 4265 ed.
1103 4204 1218 4277 Venet,
1244 4196 1295 4259 ubi

217 4306 314 4351 musas
328 4287 436 4369 haber,
448 4294 569 4367 propter
581 4306 654 4366 quer
665 4286 761 4349 elerici
773 4286 887 4364 iurent.
