3575 5625
909 707 1130 776 -100-

483 853 569 998 Eiffli
590 855 662 936 Cap.
683 855 722 916 55
736 851 772 916 dc
793 853 919 931 Testib.;
939 872 1006 937 cop.
1023 857 1042 916 9
1058 853 1094 916 de
1110 851 1250 932 Probat.,·
1274 871 1341 938 cap.
1368 856 1407 916 95
1423 863 1452 916 et
1467 856 1507 918 57
1522 853 1563 918 de

524 954 579 997 ec.

483 1016 663 1195 ...ibit
679 1015 1248 1196 tatia·actast-..rarti
1263 1013 1563 1178 aetam

483 1179 637 1322 iiim?
653 1187 966 1322 'f'aibrii'ii'tiffl
981 1189 1226 1323 ¹”i‘⁸⁰.ii⁰.2ti'
1246 1181 1562 1324 'titttfflttttta

593 1259 627 1356 ff
701 1343 708 1356 .
861 1267 873 1324 1
923 1283 969 1326 em
989 1281 1067 1341 quoq
1172 1264 1250 1324 tbus
1381 1282 1401 1344 g

481 1341 617 1420 probari,
633 1343 775 1404 traditum
788 1351 849 1419 est3
862 1344 915 1406 sed
932 1343 1035 1421 bodie,
1052 1344 1095 1404 uti
1115 1354 1215 1406 mouet
1230 1345 1363 1423 Cojacius
1377 1343 1418 1406 aa
1432 1362 1499 1426 cop.
1518 1347 1562 1406 67

482 1422 519 1486 dc
540 1423 647 1486 Taenia.
664 1443 731 1506 opp.
755 1432 827 1486 tom.
848 1429 867 1488 6
888 1423 943 1488 eoi.
967 1429 1026 1490 866
1047 1423 1094 1486 ed.
1118 1427 1189 1504 cit,
1217 1427 1416 1488 Lateranensis
1440 1426 1562 1520 concilii

482 1503 601 1566 decreto
623 1515 732 1567 arctata
759 1507 798 1567 ad
825 1517 965 1587 quartum
993 1508 1117 1590 gradum
1142 1507 1341 1590 prohibitione
1367 1514 1560 1588 nuptiarum,

482 1588 721 1732 pirctp'tuphetiam
744 1586 782 1650 dc
801 1591 905 1652 auditu
934 1589 1147 1653 testimonium.
1172 1591 1278 1652 Confer
1299 1591 1394 1670 ipsum
1420 1607 1488 1670 cop.
1517 1590 1560 1650 tt

503 1687 519 1730 c
560 1687 613 1733 ear
634 1715 642 1731 .

531 1798 562 1898 §.
591 1801 686 1875 xltl.
714 1803 742 1873 Α
768 1803 901 1898 judiciis
928 1801 1096 1892 omnibus,
1132 1818 1300 1897 tamquam
1338 1801 1447 1870 minus
1485 1827 1503 1870 a
1531 1805 1558 1872 ti

482 1912 516 1966 et
543 1897 652 1970 idonei
679 1899 722 1968 ad
762 1901 935 1972 ferendum
975 1901 1218 1988 testimonium,
1259 1895 1464 1996 repelluntur
1500 1826 1560 1968 ii-

483 1992 614 2083 furiosi‚
648 2012 794 2066 amentes
821 1997 896 2094 (i),
931 1995 1077 2093 itemque
1107 1995 1311 2093 impuberesa
1343 1997 1448 2085 servi,
1476 2021 1560 2091 pcr-

477 2089 570 2185 juri,
610 2092 764 2184 infames,
808 2096 1077 2165 excommunicati
1112 2093 1178 2190 (ἓ).
1214 2092 1305 2177 Quin
1333 2094 1410 2189 jure
1440 2091 1561 2165 decae-

482 2185 596 2256 talium
653 2189 791 2286 quilibet
844 2217 918 2264 reus
968 2192 1113 2262 criminis
1170 2190 1372 2289 postuletne,
1430 2192 1560 2262 etiamsi

481 2284 631 2356 nondum
669 2287 851 2378 consessus,
892 2291 1080 2378 convictus,
1123 2288 1295 2359 damnatus
1345 2303 1380 2358 et
1424 2303 1559 2358 notatus

481 2381 613 2454 infamia
647 2387 709 2475 sit,
755 2389 979 2458 testimonium
1015 2385 1123 2458 dicere
1150 2385 1345 2482 prohibetur
1386 2383 1463 2480 (5);
1495 2409 1560 2456 ex-

482 2483 583 2577 ceptis
627 2482 825 2576 gravioribus
875 2483 1084 2572 criminibus,
1128 2483 1235 2580 qualia
1276 2496 1354 2553 sunt
1407 2484 1560 2556 simoniae

482 2593 515 2645 et
536 2577 622 2649 laesae
646 2582 820 2678 mejestatis
855 2580 937 2674 (4),
963 2583 998 2650 in
1025 2579 1144 2678 quibus
1170 2583 1268 2652 etiam
1296 2579 1431 2650 infames
1460 2583 1562 2650 testi-

483 2677 630 2745 monium
658 2677 769 2748 serunt
799 2677 866 2776 (5).
899 2677 983 2750 Nam
1014 2692 1112 2748 testes
1143 2703 1211 2751 non
1243 2693 1371 2748 tantum
1400 2676 1558 2764 infamia,
1667 2741 1668 2746 ,

482 2772 538 2842 sed
570 2777 669 2845 ctiam
700 2777 841 2851 infamiae
862 2777 1043 2873 suspicione
1059 2801 1170 2848 vacare
1196 2789 1326 2872 oportet
1349 2775 1419 2871 (6).
1447 2773 1562 2848 Ceteri
1667 2787 1668 2799 ¹

481 2872 646 2945 criminosi
684 2878 821 2947 omnino
861 2877 1077 2974 rejiciuntur,
1113 2900 1189 2945 cum
1228 2872 1335 2945 adhuc
1366 2876 1400 2943 in
1429 2872 1563 2945 sceleris

481 2972 674 3065 contagione
721 2988 892 3044 versantur
929 2972 995 3067 (7).
1030 2969 1097 3055 Qui
1131 2974 1253 3042 crimen
1297 2986 1559 3067 perpetrarunt,

482 3066 581 3139 modo
611 3071 734 3167 perjuri
773 3095 841 3142 non
877 3072 942 3141 sint
969 3067 1042 3166 (8),
1084 3096 1121 3141 ac
1157 3068 1309 3165 deinceps
1335 3068 1419 3138 salva
1450 3071 1561 3139 existi-

481 3168 625 3238 matione
664 3167 876 3267 abjecerunt,
920 3170 955 3238 in
993 3166 1126 3265 judiciis
1157 3164 1325 3254 civilibus,
1367 3191 1434 3236 non
1473 3168 1560 3237 item

480 3263 720 3355 criminalibus,
756 3270 792 3337 in
828 3266 947 3362 quibus
979 3264 1020 3337 de
1055 3266 1191 3338 crimine
1229 3288 1392 3361 poeuaquc
1421 3264 1557 3357 agitur,
1665 3278 1666 3281 ’

480 3372 577 3429 testes
593 3384 660 3431 esse
676 3379 812 3456 possunt
832 3363 901 3457 (9).

519 3532 560 3614 (Ι)
581 3530 607 3695 ξ.
627 3534 704 3593 Item
718 3528 830 3613 furiosi
845 3537 923 3597 loct.
942 3533 1029 3612 Quib.
1050 3555 1111 3599 raon
1128 3542 1172 3597 eat
1186 3533 1326 3617 ponnus.
1346 3531 1409 3616 foe.
1430 3540 1509 3608 test,
1529 3546 1560 3596 et

480 3622 517 3679 L.
532 3618 573 3675 70
605 3615 671 3675 .Ne
681 3611 817 3694 furiosus
827 3614 862 3697 1).
879 3616 941 3692 Qui
954 3625 1069 3681 testam.
1084 3616 1222 3701 scapos.

520 3696 562 3773 (ti
586 3698 660 3762 ean.
680 3698 765 3756 icti
780 3700 878 3777 copi
910 3709 994 3761 ooeat.
1010 3703 1044 3776 ὃς
1060 3719 1086 3761 c.
1100 3704 1139 3762 ii
1154 3698 1190 3761 de
1208 3695 1315 3760 Testtb.

521 3780 551 3857 (ὅ
586 3780 658 3857 Cap.
674 3779 712 3838 tt
724 3785 753 3837 et
766 3774 823 3838 uit.
841 3778 876 3841 dc
919 3780 1002 3843 cstib.

521 3778 563 3942 (4)
586 3862 660 3938 Cap.
682 3857 751 3920 tate
771 3860 907 3939 Simon.‚·
930 3880 955 3923 c.
977 3866 990 3925 i
1013 3860 1049 3927 tia
1077 3860 1182 3927 Testab.
1202 3862 1235 3923 in
1253 3864 1283 3923 6.
1301 3865 1350 3923 iro
1368 3863 1561 3926 carnotensis

480 3960 525 4023 ep.
543 3944 583 4003 et
599 3960 667 4023 opp.
686 3949 756 4002 tom.
783 3945 890 4024 tpop.
910 3946 947 4005 17
966 3942 1011 4005 ed.
1032 3946 1135 4007 Paria.
1160 3946 1239 4008 1667
1260 3968 1274 3997 ιι
1291 3947 1364 4005 Cum
1379 3944 1410 4002 in
1428 3944 1493 4005 aliis
1507 3964 1562 4007 ac·
1662 3996 1663 4001 ,

480 4023 694 4097 cusationibus,
709 4023 821 4100 inquit,
842 4034 1041 4087 accusatorum
1061 4035 1090 4087 et
1108 4029 1227 4089 testium
1244 4025 1410 4087 innocentia
1436 4044 1562 4104 quaara-

478 4114 544 4183 tur‚
561 4106 597 4168 ad
613 4104 860 4167 insimulationem
877 4114 975 4171 umen
992 4108 1218 4173 simoniacorum
1239 4108 1326 4169 ctiam
1342 4104 1465 4170 infames
1483 4126 1561 4189 per-

480 4205 564 4249 sonas
574 4186 703 4249 admitti.
716 4212 728 4239 a

521 4270 563 4350 (5)
586 4273 658 4352 Cap.
675 4270 710 4331 51
727 4265 763 4330 dc
776 4267 891 4332 Simon.
