3575 5625
917 682 1114 754 ..56-

530 833 561 936 §.
590 833 652 908 lx.
687 831 837 946 Denique
865 830 989 930 judicia
1026 829 1086 902 alia
1114 845 1191 901 aunt
1219 829 1339 920 ciuilia,
1378 827 1441 901 alia
1479 834 1546 902 cri-

480 931 631 1024 minalia,
672 955 827 1029 quomam
870 931 980 1002 omnia
1030 927 1081 1001 vel
1132 927 1412 1003 distrahendarum
1463 955 1547 1002 con-

480 1033 727 1121 troversiarum,
773 1027 825 1100 vel
871 1027 1106 1101 maleficiorum
1162 1026 1404 1125 puniendorum
1453 1053 1546 1099 causa

481 1146 609 1226 reperta
646 1144 734 1198 sunt.
773 1125 885 1199 Civilia
924 1129 1092 1223 pertinent
1117 1124 1159 1198 ad
1190 1128 1389 1222 privatorum
1416 1143 1547 1198 contro·

479 1231 594 1298 versiae
637 1224 880 1325 dijudicandas,
922 1224 1099 1296 criminalia
1142 1249 1216 1296 vero
1258 1225 1393 1296 crimina
1432 1250 1546 1322 perse-

480 1340 648 1423 quuntur‚
682 1349 860 1422 poeuasque
890 1325 1036 1418 irrogant
1075 1321 1216 1394 vindicer
1253 1322 1379 1394 sceleris
1412 1339 1447 1395 et
1472 1324 1545 1395 rio·

478 1427 554 1496 latae
581 1421 721 1522 publicae
745 1421 1001 1522 tranquillitatis.

416 1642 420 1650 ·
527 1595 559 1694 l.
592 1594 643 1666 X.
687 1592 860 1666 lutirciules
903 1593 1149 1691 disceptationes
1207 1591 1322 1664 ordine
1374 1593 1545 1667 noscendae

479 1691 756 1791 expediendaeque
796 1707 892 1781 sunt3
935 1693 1091 1790 quoniam
1132 1717 1172 1763 ex
1212 1690 1395 1764 inordinata
1434 1717 1544 1763 rerum

478 1795 602 1864 ratione
649 1793 752 1863 oritur
800 1790 966 1882 conlusio,
1004 1813 1082 1888 quae
1115 1790 1192 1888 jura
1233 1793 1342 1888 potius
1380 1789 1542 1881 obscurat,

503 1915 579 1962 uam
613 1887 752 1985 explicat
788 1889 998 1983 litigantium.
1037 1887 1130 1959 Ordo
1164 1887 1218 1960 hic
1251 1887 1406 1960 'udicium
1447 1891 1545 1960 ctiam

478 1917 598 2058 licitur
627 2000 661 2056 et
682 1988 799 2081 passim
823 2009 990 2084 processus
1010 1983 1204 2082 appellatur.
1234 1915 1293 2056 list
1319 2003 1545 2060 autem-com-

472 2081 596 2181 'positio
631 2108 742 2154 rerum
770 2086 853 2178 aptis
879 2097 914 2155 ct
947 2081 1195 2155 accommodatis
1226 2083 1324 2176 locis,
1357 2101 1395 2158 ut
1430 2087 1544 2184 procul

478 2185 520 2252 sit
557 2179 703 2252 conlusio
732 2197 767 2252 et
793 2181 1016 2277 perturbatio,
1051 2192 1200 2253 noscatur
1228 2185 1343 2264 veritas
1375 2211 1412 2255 ac
1448 2209 1543 2255 suum

479 2283 596 2377 cuique
637 2277 812 2349 tribuatur.
845 2279 889 2350 Et
926 2305 1002 2350 sane
1033 2277 1222 2377 judiciarius
1246 2281 1328 2353 ordo
1359 2308 1377 2352 a
1421 2281 1545 2378 legibus

479 2395 527 2448 est
555 2379 768 2467 constitutus,
806 2403 906 2473 quem
930 2375 1076 2476 judicem
1110 2381 1156 2448 ita
1190 2378 1328 2474 dirigere
1357 2396 1390 2451 et
1429 2380 1545 2452 mode-

478 2479 541 2546 rari
566 2489 709 2572 oportet,
742 2490 781 2545 ut
807 2473 970 2571 litigantes
1005 2477 1040 2547 in
1077 2491 1162 2548 rocta
1192 2479 1321 2550 'ustitia
1348 2481 1462 2548 semita
1495 2482 1545 2549 iu-

476 2577 591 2644 sistant
614 2573 689 2671 (l);
725 2599 790 2671 qua
823 2575 860 2644 in
892 2599 928 2644 re
959 2572 1041 2645 nihil
1068 2599 1129 2671 pro
1154 2504 1307 2667 arlritrio‚
1342 2575 1399 2648 sed
1435 2579 1545 2650 omnia

478 2695 640 2744 canonum
668 2671 843 2770 legumque
872 2674 1063 2745 auctoritate
1091 2671 1215 2767 agenda
1240 2691 1328 2746 sunt.

517 2870 559 2952 ll)
583 2872 704 2952 Coeli)
720 2868 756 2933 de
770 2867 891 2946 Iudic.;
906 2888 974 2952 cop.
990 2870 1077 2933 aare
1091 2872 1274 2934 accusation.
