3575 5625
688 599 908 670 -tet-

313 744 344 845 §.
387 747 431 819 ll.
466 747 541 820 Non
578 766 703 821 temere
733 773 771 818 ao
811 749 880 819 siue
919 749 1066 840 delectu,
1113 749 1169 822 sed
1201 767 1329 824 tanturn

257 846 356 942 justis
396 845 440 918 <le
475 849 575 918 oensis
618 849 656 917 in
712 849 877 941 integrum
918 849 1074 922 restitutio
1126 849 1328 922 conceditur.

265 943 403 1042 MaJ'ores
443 943 539 1016 XXV
574 947 667 1016 annis
707 971 775 1017 nou
817 947 1050 1036 restituuntur,
1084 949 1143 1018 nisi
1187 947 1330 1020 demon·

265 1059 363 1113 strete
394 1069 487 1114 eausa
523 1043 681 1131 laesionis,
733 1067 808 1140 quae
844 1042 941 1139 eulpa
988 1059 1096 1115 vocat:
1139 1045 1240 1142 qualis
1282 1062 1331 1118 est

265 1140 362 1212 dolus
408 1141 538 1212 alterius
577 1142 654 1238 (l),
702 1166 795 1214 eausa
846 1156 971 1226 metus,
1023 1141 1172 1214 alienatio
1218 1145 1333 1241 judieii

266 1238 415 1311 mutandi
451 1266 545 1311 eausa
581 1241 663 1312 latta
703 1241 779 1336 (Ζ),
821 1239 968 1310 absentia
1006 1254 1063 1310 aut
1094 1244 1201 1340 justus
1245 1267 1334 1314 error

266 1337 340 1431 (ὅ),
383 1337 526 1435 denique
558 1341 584 1410 si
612 1364 676 1436 qua
717 1337 777 1408 alia
809 1336 913 1436 judici
939 1343 1029 1438 juste
1061 1363 1154 1410 eausa
1188 1337 1334 1409 rideatur

265 1435 333 1532 (4).
374 1435 515 1508 Minores
554 1441 646 1508 nonis
687 1435 785 1508 XXV
822 1451 959 1534 propter
989 1436 1148 1510 lubricam
1179 1452 1334 1523 ertatem,

264 1533 401 1629 probate
442 1535 591 1625 lesione,
636 1539 853 1606 restituuntur
891 1535 968 1631 (5),
1019 1535 1118 1608 modo
1175 1537 1334 1607 restitutio

262 1647 395 1727 petatur
427 1636 512 1703 iutra
540 1632 795 1731 quadriennium
828 1660 847 1704 a
883 1649 1051 1730 tempore,
1084 1659 1150 1732 quo
1195 1636 1335 1706 minores

264 1755 334 1802 esse
361 1730 531 1802 desinunt.

319 1900 349 1980 1)
371 1903 443 1984 Cup.
460 1905 479 1962 t
495 1900 579 1963 dein
592 1900 699 1983 inteqr.
721 1901 834 1978 reatit.,·
856 1920 882 1963 e.
908 1905 927 1963 6
946 1901 983 1964 de
1003 1899 1050 1964 ltin
1063 1921 1130 1986 que
1143 1902 1175 1963 vi
1187 1909 1326 1964 metusve.

320 1982 350 2063 2)
370 1985 406 2043 L.
423 1987 437 2045 1
460 1982 495 2067 ff.
520 1981 556 2044 ele
573 1981 664 2045 uls'en
677 1980 764 2066 juti.‚·
786 2001 852 2066 eup-
874 1986 888 2045 l
915 1983 996 2060 end.;
1022 2003 1087 2066 nup.
1110 1987 1142 2046 ll
1170 1981 1207 2046 (le
1225 1981 1330 2046 ludio.

260 2069 366 2126 Exstat
384 2067 415 2126 in
429 2065 577 2144 pandectis
598 2075 685 2144 atque
707 2066 738 2125 in
755 2065 949 2127 decretalibus
974 2067 1075 2128 titulus
1091 2069 1137 2126 De
1151 2063 1332 2128 altereatione

251 2144 369 2228 juditii
389 2146 633 2209 munatium
653 2145 748 2230 [notu.
766 2147 813 2209 tit
830 2156 929 2210 eutem
951 2147 1013 2208 hue
1039 2149 1191 2223 alienatio,
1216 2149 1331 2226 quoties

261 2247 330 2307 pars
355 2229 462 2304 altera,
485 2230 646 2308 quelitern
668 2227 774 2304 habet,
796 2229 863 2291 dolo
884 2229 961 2290 rnalo
981 2230 1029 2309 jus
1051 2247 1137 2290 suurn
1160 2231 1331 2308 ineliquern

262 2312 416 2387 mosten,
432 2311 548 2393 etfueit
568 2311 842 2389 conmutationem,
867 2320 901 2372 nt
921 2312 1052 2390 loquitur
1067 2315 1100 2374 G.
1118 2317 1129 2372 1
1156 2309 1190 2372 sle
1204 2309 1329 2373 ulienot.

256 2390 357 2474 judie.
378 2392 518 2454 metenti.
544 2411 646 2470 οπως
660 2393 750 2454 veluti
765 2397 790 2453 si
804 2393 974 2455 rendateut
994 2393 1078 2456 oedat
1102 2395 1332 2472 potentioribus,

265 2483 300 2533 ut
311 2475 476 2536 annonario
494 2480 611 2557 gravius
630 2476 780 2557 nogotium
805 2476 919 2557 ingerat
936 2485 1024 2555 atquo
1047 2475 1111 2554 ejus
1132 2475 1331 2536 uenditionem
1370 2501 1374 2508 ⁴

269 2555 440 2618 deteriorem
458 2560 556 2620 faeiat.

307 2637 348 2718 (ὅ)
368 2639 404 2701 L.
430 2642 450 2700 2
474 2637 509 2722 ff.
528 2639 563 2702 de
585 2640 681 2703 restit.
705 2642 739 2701 in
762 2639 889 2733 osteor„-
912 2657 979 2720 αφ.
1004 2641 1024 2700 t
1051 2637 1116 2700 eod.
1142 2638 1219 2702 Vide
1245 2640 1331 2699 etiem

265 2720 387 2784 Paulum
408 2730 514 2803 recept.
540 2731 665 2785 tenent.
691 2719 741 2783 lib.
769 2725 784 2782 t
809 2729 855 2782 tet.
876 2722 895 2780 6
915 2717 931 2801 §
956 2724 992 2796 1,
1017 2721 1095 2800 opud
1115 2721 1332 2800 Schultingiunr

266 2801 288 2866 l.
304 2811 332 2865 et
346 2801 418 2865 ete.
432 2823 497 2885 cup.
520 2822 594 2887 paq.
609 2806 681 2867 233.
907 2828 913 2838 ¹
1166 2824 1170 2831 ’

303 2885 348 2965 (l)
369 2887 405 2947 t.
423 2884 485 2971 tff.
506 2888 555 2948 Ex
612 2886 652 2949 u.
668 2904 753 2947 eous.
767 2885 895 2981 major-4
919 2904 944 2945 o.
968 2887 988 2945 1
1008 2883 1043 2946 cle
1058 2884 1091 2946 in
1116 2884 1221 2967 inteqr.
1238 2884 1331 2945 restit.

306 2968 350 3051 (t)
370 2970 406 3030 t.
432 2967 535 3031 tend.
616 2966 757 3053 liliosum.
778 2986 873 3044 etan,-
895 2986 922 3027 e.
948 2964 1023 3027 lde
1050 2966 1083 3027 in
1108 2966 1214 3047 inteyr.
1238 2966 1333 3026 restit.

265 3056 406 3115 (nneoese
420 3060 517 3113 autern
531 3052 562 3113 iu
586 3053 735 3133 integrum
760 3050 946 3110 restitutione
973 3048 1098 3123 minori,
1121 3050 1209 3108 etiarn
1224 3047 1286 3125 ejus
1300 3046 1336 3105 n-

264 3133 408 3211 dejussori
425 3134 621 3211 summitur,
637 3143 670 3196 ut
682 3130 779 3211 iuquit
793 3131 936 3211 Ulpianus
956 3128 988 3189 in
1001 3130 1038 3189 L.
1057 3132 1090 3191 51
1108 3128 1142 3211 ff.
1164 3126 1199 3189 tle
1212 3146 1331 3209 procur.

264 3216 390 3277 Consule
412 3214 600 3279 Eumnndum
620 3214 778 3281 Merillium
792 3210 904 3275 utrem.
924 3208 974 3272 ἰῶ.
996 3214 1027 3273 t.
1052 3230 1117 3293 rap.
1137 3211 1176 3272 10
1186 3228 1260 3292 paq.
1280 3212 1334 3271 l27

268 3296 340 3359 ecte.
356 3298 453 3380 Neop.
472 3300 563 3359 etse.

316 3478 349 3581 ς.
406 3480 465 3551 lll.
513 3478 670 3577 Exemplo
719 3480 906 3567 minorum,
956 3476 1053 3547 etiam
1112 3476 1334 3549 universitates

263 3579 390 3652 hebent
416 3581 452 3649 in
477 3580 642 3673 integrum
668 3579 905 3648 restitutionem
933 3574 1009 3672 (l):
1041 3572 1186 3645 similiter
1216 3590 1249 3645 et
1276 3600 1334 3645 eo·

263 3679 361 3751 etesia
392 3675 509 3750 eodem
532 3675 694 3749 benefitio
721 3674 839 3745 fruitur
865 3672 933 3769 (ἢ)
964 3670 1103 3747 Nomine
1133 3686 1242 3741 autem
1278 3698 1336 3743 eo·

263 3778 394 3868 alesine,
429 3773 738 3847 Jurisoonsulturunr
762 3774 922 3843 sententie
956 3786 990 3843 et
1013 3796 1073 3842 usu
1109 3768 1194 3857 lori,
1225 3770 1335 3841 omnia

262 3898 403 3971 eorpora
451 3872 680 3961 ecclesiastiea,
718 3870 936 3959 monasteria,
990 3868 1106 3941 domus
1154 3866 1333 3961 religiosae,

262 3971 463 4063 academie,
520 3968 687 4069 hospitalia
741 3964 1078 4066 comprehenduntur.
1142 3966 1336 4037 Restituitur

259 4071 418 4161 eeclesia,
455 4070 742 4143 sidetrinrentunr
784 4069 928 4163 aceepit,
964 4090 1066 4163 eaque
1098 4062 1333 4133 restitutionem

257 4188 357 4273 petat
399 4172 485 4242 intra
525 4167 795 4267 quadriennium,
837 4181 1010 4262 postquam
1057 4158 1138 4232 illud
1180 4156 1332 4255 pertulit,
