3575 5625
901 635 1121 706 „tos-.-

517 785 547 887 ς.
576 785 652 858 XV.
690 787 871 888 lnquiritur
901 789 935 856 in
966 811 1078 858 omues
1107 784 1299 876 catholicos,
1333 788 1389 883 qui
1421 788 1454 855 in
1484 811 1542 858 rc·

469 883 623 978 ligionem
654 889 798 961 criminis
828 887 878 956 rei
906 884 983 956 facti
1009 901 1106 973 sunt,
1136 887 1277 981 exceptis
1314 883 1537 998 principibus,

468 983 702 1070 cardinalibus,
736 985 914 1085 episcopis,
950 1009 1091 1082 quorum
1126 1009 1163 1054 ea
1193 982 1235 1053 de
1271 1009 1306 1052 re
1336 986 1472 1053 crimina
1495 981 1542 1052 ad

469 1106 636 1152 summum
676 1081 873 1156 Pontificem
893 1081 935 1153 cb
967 1081 1209 1177 inquisitoribus
1239 1080 1438 1152 reseruntur.
1473 1080 1539 1152 lu-

467 1177 534 1251 daei
560 1197 594 1251 et
628 1205 761 1274 omncs,
790 1182 847 1277 qui
875 1182 911 1251 in
941 1180 1074 1272 haeresi,
1106 1196 1162 1250 aut
1196 1182 1232 1250 iu
1261 1179 1431 1250 schismate
1469 1182 1538 1249 nati

468 1276 661 1375 educatique
693 1294 772 1354 suut
811 1294 845 1349 ct
891 1281 926 1349 in
963 1305 1000 1350 ea
1043 1281 1174 1372 regione
1199 1275 1402 1366 tolerantur,
1437 1277 1540 1346 dum-

468 1375 567 1447 modo
599 1393 713 1461 contra
750 1375 940 1450 catholicam
975 1375 1163 1472 religionem
1199 1375 1280 1448 nihil
1320 1392 1439 1470 agant,
1481 1380 1539 1446 in·

468 1475 661 1570 quisitorum
685 1474 809 1577 jndicio
842 1500 911 1546 nou
942 1475 1170 1574 subjiciuntur.
1201 1472 1268 1561 Qui
1306 1473 1429 1570 aliquid
1453 1499 1539 1546 cou-

467 1589 519 1642 rra
544 1572 732 1649 eutholimus
765 1572 954 1667 religionem
991 1573 1192 1664 moliuntur,
1228 1574 1251 1642 ii
1275 1589 1404 1643 tantum
1431 1597 1538 1672 prop-

468 1686 518 1741 ter
545 1671 607 1742 hoc
645 1674 787 1762 crimen,
826 1696 896 1742 non
936 1687 1071 1770 propter
1105 1674 1246 1742 nativam
1282 1670 1456 1759 heresim,
1481 1687 1538 1742 aut

467 1768 603 1842 εοΙιίεωα
636 1773 759 1845 meritis
790 1770 979 1868 plectuntur
1012 1771 1126 1867 poenis.
1168 1769 1244 1842 Non
1285 1771 1372 1841 enim
1411 1769 1540 1842 serendi

467 1884 556 1959 sunt,
599 1871 656 1964 qui
696 1871 849 1967 principis
893 1867 1108 1956 beneficium,
1147 1882 1282 1965 propter
1316 1867 1404 1964 quod
1439 1870 1477 1938 iu
1501 1894 1540 1938 cc

346 1973 352 1980 ’
466 1969 597 2061 regione
629 1970 727 2040 vitam
758 1966 933 2042 troduccrc¹
966 1982 1123 2064 possunt,
1156 1981 1349 2042 convertunt
1387 1968 1423 2036 iu
1458 1993 1538 2062 pcr-

465 2064 736 2262 niciemssqopuli
772 2080 806 2137 et
840 2063 1023 2161 religionis,
1055 2088 1131 2161 quae
1176 2067 1211 2136 in
1253 2066 1379 2150 civitate
1429 2064 1541 2136 domi·

468 2180 566 2232 natur
648 2217 656 2237 .

506 2332 548 2430 (l)
569 2335 676 2400 Confer
689 2338 720 2398 S.
734 2335 877 2399 Thomam
903 2337 933 2400 2.
951 2339 969 2399 2
985 2355 1039 2420 qu.
1056 2337 1095 2398 to
1109 2325 1174 2396 ort.
1189 2338 1207 2396 9
1220 2333 1260 2396 ud
1270 2338 1306 2414 2,
1321 2353 1355 2395 ac
1369 2325 1533 2429 vidcellam

465 2417 642 2480 cardinalem
662 2417 804 2479 Albitium
823 2418 873 2479 cit.
898 2418 1027 2501 aitpoeta
1047 2435 1119 2500 paq.
1146 2419 1204 2480 tto
1231 2425 1342 2502 etseq.
1369 2419 1420 2497 qui
1441 2417 1534 2478 solide

465 2509 565 2642 qqqqrr
581 2501 846 2580 scrutaminum,
862 2519 928 2581 quos
946 2520 963 2561 a
980 2503 1122 2582 Gregorio
1137 2505 1206 2563 Xlll
1219 2517 1252 2561 ec
1274 2499 1312 2561 de
1325 2518 1357 2561 re
1378 2500 1539 2562 constitute

515 2737 546 2839 S.
577 2737 669 2808 XVI.
703 2736 770 2809 Sed
797 2763 865 2810 non
895 2755 1023 2811 tentum
1058 2755 1171 2813 contro
1198 2738 1362 2810 haereticos
1393 2754 1427 2808 ct
1459 2764 1544 2810 om·

467 2863 547 2927 nes,
575 2840 631 2935 qui
660 2836 769 2910 afide
794 2836 1002 2930 defecerunt,
1036 2838 1204 2938 judicium
1233 2854 1360 2910 exercet
1394 2838 1543 2909 tribunal

466 2937 695 3034 inquisitionis,
743 2958 856 3009 rerum
892 2939 988 3008 ctiam
1033 2952 1145 3009 contra
1186 2936 1276 3027 illos,
1315 2938 1372 3035 qui
1415 2936 1545 3007 heluus

468 3033 623 3131 aliquod,
666 3033 756 3132 quod
795 3034 995 3107 manifestam
1036 3034 1182 3107 haeresim
1226 3036 1347 3133 sapiat,
1396 3032 1545 3105 admise-

469 3150 559 3203 runt.
613 3132 686 3204 lluc
730 3158 806 3204 sanc
857 3150 1004 3230 spectant
1038 3133 1271 3222 divinationes,
1315 3132 1544 3227 sortilegium,

471 3228 669 3325 blasphemia
697 3230 904 3315 haereticalis,
943 3231 1128 3332 polygamia
1170 3230 1381 3321 simultaner,
1416 3228 1548 3301 ebusus

469 3344 762 3418 sacramentorum,
813 3354 974 3399 sacrarum
1021 3331 1197 3425 imaginum
1264 3330 1401 3429 injuria,
1463 3354 1545 3425 quae

469 3427 604 3494 crimina
645 3427 750 3497 Deum
791 3443 984 3525 oppugnant
1029 3443 1064 3500 et
1106 3425 1295 3499 catholicam
1348 3430 1543 3518 veritatem,

469 3548 665 3620 gravemque
713 3523 855 3595 afferunt
902 3526 1059 3600 haercseos
1102 3528 1328 3625 suspicionem.
1383 3523 1551 3597 Similiter

469 3622 527 3716 qni
556 3618 654 3692 libros
681 3621 852 3695 damnatos
886 3622 1019 3720 legunt,
1051 3640 1107 3697 ant
1136 3623 1303 3712 rendunt,
1331 3627 1388 3721 qui
1423 3639 1546 3696 contra

471 3718 612 3790 ecclcsiae
645 3736 807 3885 qtraeoepta
842 3725 948 3793 vetitis
989 3740 1160 3794 vescuntur
1197 3722 1297 3813 cibis,
1340 3724 1456 3793 erroris
1480 3742 1548 3794 aut

470 3842 579 3914 prarae
609 3842 648 3888 ro
662 3821 780 3889 uutatis
809 3844 846 3890 su
886 3823 1022 3893 icionem
1063 3823 1241 3919 ingeruut3
1279 3836 1313 3890 et
1341 3819 1413 3891 ideo
1442 3819 1548 3918 judi-

472 3918 557 3988 cium
587 3917 803 4013 inquisitionis
832 3846 973 3990 sirlaeunt
1007 3918 1072 4017 (l).
1109 3918 1185 4005 Quo
1219 3917 1344 4018 judicio
1383 3933 1547 3990 tenentur

471 4018 569 4087 etiam
614 4012 811 4106 sacerdotes,
849 4020 907 4114 qui
938 4015 1079 4115 aliquem
1120 4021 1156 4089 iu
1194 4015 1415 4089 sacramentali
1456 4040 1547 4089 con-

463 4113 606 4186 «lcssionc
634 4110 676 4183 ad
710 4115 818 4210 turpia
856 4114 1027 4186 sollicitant
1052 4115 1127 4213 (Ἰ),
1168 4118 1290 4214 quique
1323 4116 1549 4211 a,poeniten-

377 4286 381 4294 ,
472 4212 558 4283 tibus
591 4215 766 4311 exquirunt
800 4217 933 4287 nomino
969 4238 1103 4305 eorum,
1131 4238 1212 4313 quos
1250 4216 1394 4285 criminis
1438 4218 1545 4287 socios

1664 1373 1665 1400 l

1664 1417 1665 1442 l

1664 1547 1665 1574 l

1591 5112 1593 5123 t

1591 5171 1595 5193 l

1592 5225 1596 5247 l
