3575 5625
646 647 866 717 ...307-

218 801 319 869 omnis
354 813 573 870 accusatorum
601 822 639 866 ac
673 799 804 866 testium
835 795 976 886 invidia,
1017 816 1189 898 metusque
1231 829 1286 874 ar·

218 915 346 985 ceatur,
381 913 419 966 ut
448 895 563 992 procul
601 894 685 964 absit
719 897 839 989 gratia,
894 895 1002 984 lavor,
1042 899 1210 988 seductio,
1248 919 1285 973 ut

216 994 345 1066 liberius
376 993 503 1093 judices
541 995 736 1064 sententiam
767 992 875 1062 lerant
904 1009 938 1064 et
961 997 1061 1089 magis
1096 1013 1207 1068 tutum
1231 1002 1285 1098 ju·

217 1094 336 1163 dicium
368 1097 421 1164 sit.
465 1091 616 1179 Accedit,
661 1089 752 1187 quod
791 1115 902 1162 rerum
943 1090 1028 1163 bene
1066 1095 1285 1190 gerendarum

218 1194 319 1261 anima
348 1216 501 1265 arcanum
523 1208 592 1276 αις
611 1205 645 1260 et
664 1189 739 1260 ideo
755 1191 790 1259 in
815 1188 961 1260 civilibus
1012 1215 1119 1287 uoque
1136 1199 1283 1287 negotiu

216 1314 291 1386 quae
314 1293 460 1386 graiiora
483 1305 517 1360 et
544 1287 725 1359 difficiliora
745 1304 842 1378 suut,
870 1291 978 1360 arcani
987 1217 1054 1360 lex
1083 1289 1282 1364 observatur.

263 1411 295 1510 §.
329 1410 427 1483 xlv.
464 1409 504 1481 ln
544 1409 765 1508 expendendis
799 1412 900 1482 causis
930 1409 1181 1510 judicandisque
1215 1405 1287 1512 per·-

216 1514 319 1598 sonu,
353 1510 435 1580 nihil
475 1525 525 1581 est
561 1509 651 1606 quod
683 1533 751 1579 non
783 1508 880 1604 plane
923 1533 1102 1581 consonum
1140 1515 1286 1610 equitati

216 1609 267 1677 sit.
305 1608 389 1680 Nam
424 1611 644 1695 mentiuntur,
686 1609 744 1702 qui
775 1610 872 1676 etiam
910 1607 1083 1678 hominum
1121 1615 1287 1706 cogitatio·

217 1729 273 1776 nes
308 1705 349 1776 ab
389 1709 601 1803 inquisitione
634 1703 775 1803 judicari
807 1707 964 1801 inquiunt
1009 1705 1078 1800 (l),
1144 1711 1175 1778 ui
1216 1735 1288 1796 reos

213 1829 273 1898 per
308 1803 457 1874 fraudem
497 1819 530 1875 et
571 1802 684 1873 dolum
721 1800 838 1873 adduci
877 1805 1062 1874 existimant
1101 1733 1142 1874 ad
1184 1810 1286 1881 confi·

212 1900 354 1972 tendum
382 1903 530 1992 crimen,
559 1900 650 1996 quud
680 1925 860 1997 numquam
891 1900 1112 1990 admiserunt,
1149 1908 1206 2000 qui
1233 1933 1287 1979 eos

214 1997 336 2070 habere
378 2015 500 2095 negant
540 1997 742 2070 defensiones
774 2014 809 2069 ct
860 1999 1055 2072 beneficium
1101 1997 1288 2098 appellatio-

214 2099 287 2183 nis,
308 2123 369 2194 per
392 2122 490 2194 quam
524 2098 623 2170 editae
653 2099 821 2168 sententiae
851 2123 943 2169 error
964 2097 1168 2170 emendetur.
1200 2101 1288 2174 Tau·

215 2210 288 2264 tum
324 2199 382 2292 qui
421 2199 569 2268 exteriori
609 2212 682 2266 actu
711 2195 900 2290 religionem
949 2194 1129 2284 violarunt,
1174 2223 1287 2297 poeuas

212 2291 324 2382 luunt,
358 2292 449 2364 nulla
478 2310 589 2366 contra
614 2295 700 2388 ipsos
732 2295 800 2383 vis,
831 2293 933 2382 fraus,
967 2292 1060 2366 dolus
1090 2294 1283 2389 adhibetur,

213 2415 288 2462 suas¹
308 2390 408 2463 iidem
437 2391 559 2466 habent
597 2391 799 2463 defensiones
836 2409 870 2462 et
903 2417 955 2464 cas
992 2419 1068 2464 saue
1100 2414 1283 2484 accuratas,

214 2485 400 2586 habentque
439 2489 632 2562 beneficium
669 2488 894 2586 appellationis
933 2489 976 2560 ad
1007 2516 1192 2588 supremam
1231 2499 1286 2566 iu-

216 2589 445 2682 quisitionem‚
475 2613 535 2684 per
566 2614 665 2685 quam
691 2613 807 2676 omne,
842 2590 868 2657 si
901 2587 989 2686 quod
1021 2592 1183 2664 immerito
1211 2592 1285 2663 illa·
1366 2653 1370 2662 .

216 2700 283 2754 tum
320 2703 391 2774 est,
434 2685 591 2756 damnum
624 2702 821 2758 removetur.
867 2685 938 2757 lmo
986 2713 1022 2758 ca
1067 2691 1101 2759 iu
1127 2691 1284 2762 uisitiouis

214 2783 429 2857 mansuetudo
465 2801 498 2857 et
537 2781 652 2856 leuitas
685 2797 751 2871 est,
789 2799 828 2854 ut
861 2785 919 2881 qui
958 2803 1075 2881 sponte
1103 2715 1284 2859 denuntiat

214 2886 334 2954 crimen
369 2909 464 2955 suum
502 2900 537 2953 et
573 2884 630 2979 qui
661 2878 746 2953 illud
772 2880 814 2950 ab
846 2880 909 2952 alio
940 2900 1104 2955 accusatus
1141 2888 1284 2959 confite·

213 2998 264 3053 tur
302 3008 346 3053 ac
382 2980 578 3071 detestatur,
615 3005 684 3051 non
719 2978 794 3049 aliua
833 2978 965 3051 sufferat
1008 3006 1140 3078 peenas,
1185 3010 1283 3083 quam

213 3106 281 3177 quae
309 3098 392 3152 suut
418 3079 622 3151 adsalutem
650 3078 768 3149 auimae
793 3094 987 3174 comparatae
1013 3078 1079 3176 (ἢ).
1198 3078 1199 3081 ’

247 3256 288 3335 (l)
308 3258 413 3333 Atque
435 3253 508 3313 adeo
521 3252 625 3314 falsum
646 3261 706 3326 est,
728 3252 767 3313 ah
782 3249 1006 3330 inquisitoribus
1019 3252 1107 3313 etiam
1129 3252 1282 3317 homiuum

209 3340 401 3431 cogitationes
421 3335 567 3432 judicari2
591 3343 625 3396 ut
645 3334 742 3429 quivis
773 3334 968 3476 confessorias¹
988 3334 1153 3399 facultatem
1178 3335 1284 3400 haheat

209 3418 382 3581 affluit
397 3418 959 3594 ttlff;r;t;·‘tttlt‘¹lt.·t.t
970 3426 1282 3565 trtt‘ttttttt

210 3584 347 3647 Pontifici
360 3590 540 3644 reservmum
558 3590 600 3641 cet
612 3583 661 3659 jus
674 3580 779 3641 dende
792 3598 884 3641 veum
899 3590 1018 3661 propter
1031 3600 1199 3660 censuram,
1215 3606 1282 3665 quaa

212 3666 313 3729 heresi
328 3666 469 3747 adjuncta
483 3673 537 3725 est.
559 3666 670 3725 Verum
685 3663 820 3739 ecclesia,
839 3662 923 3722 sicuti
938 3682 997 3724 non
1015 3674 1109 3743 puteat
1127 3684 1180 3745 per
1193 3686 1224 3728 se
1241 3668 1283 3728 di·

213 3758 290 3811 recte
309 3759 340 3811 at
358 3748 529 3810 immediate
541 3746 715 3826 precipere,
731 3752 782 3805 aut
795 3743 952 3824 prohibere
970 3754 1067 3808 actum
1086 3766 1167 3809 mere
1188 3752 1282 3809 inter-

214 3850 299 3906 num,
323 3850 395 3912 quo
427 3828 590 3891 commuuio
612 3835 658 3889 est
693 3827 896 3909 theologorum
926 3830 1088 3907 mutantia,
1117 3832 1160 3891 uti
1198 3830 1283 3893 docet

214 3916 243 3976 S.
258 3912 390 3977 Thomas
403 3916 432 3975 l.
446 3916 528 3995 ην.
545 3912 579 3971 91
598 3919 657 3972 ort.
674 3912 757 3996 lqu.
778 3912 838 3972 100
853 3916 914 3971 ort.
929 3910 963 3989 9,
979 3912 1019 3971 ita
1033 3930 1091 3975 non
1106 3920 1201 3991 potest
1211 3930 1281 3971 een-

213 4014 308 4057 suram
326 3996 506 4059 constituere
529 3996 559 4055 in
579 3992 714 4055 tarnim
727 4011 794 4073 quae
814 3992 953 4056 exteriori
972 4003 1040 4057 actu
1058 3994 1212 4055 manifeste
1232 3992 1282 4053 de-

212 4076 356 4222 pppehensa
383 4096 442 4138 uon
464 4078 514 4138 sit.
523 4076 655 4219 ⁴consule
674 4076 863 4139 Benediaum
882 4076 952 4175 lilii
980 4073 1015 4137 de
1031 4072 1139 4158 synod.
1167 4070 1278 4137 diceas.

251 4164 296 4326 (hl
310 4162 657 4321 hbbldnghnqrramlium
671 4242 800 4321 prctticc
813 4236 862 4302 dcl
871 4242 905 4300 S.
922 4234 1035 4320 Officio.
