3575 5625
1276 677 1351 722 xtlll

262 784 401 875 ‚istarum
417 793 603 872 eeclesiarum
616 796 679 857 lieri
693 796 864 878 eontigerit,
878 798 921 857 uti
937 804 966 857 et
980 797 1223 875 acquisitionum,
1237 816 1303 876 quaa
1314 798 1351 859 ab

278 876 382 957 iisdem
398 878 525 960 eeclesiis
544 874 608 939 fieri
622 885 776 956 poterunt,
791 877 924 957 llajestas
938 896 989 938 sua
1003 895 1063 938 non
1078 880 1115 938 sit
1127 888 1308 957 susceptura.

278 962 511 1021 --llestatnune
532 969 566 1019 ut
585 960 726 1038 plurimas
750 961 876 1020 Domino
902 962 964 1020 Deo
978 967 1078 1019 nostro
1100 961 1207 1038 gratias
1233 980 1351 1041 agamus

276 1033 399 1122 proptap
420 1040 468 1112 id,
496 1040 576 1121 quod
597 1040 738 1100 haetenus
751 1058 805 1119 pro
827 1040 1026 1101 ecclesiasticis
1049 1039 1138 1099 rebus
1162 1042 1193 1099 in
1215 1042 1351 1103 universo

279 1140 370 1202 regno
384 1110 508 1216 Bildissd,
519 1117 692 1183 ordinandis
715 1130 811 1182 actum
837 1130 899 1197 est,
919 1138 1046 1199 eumque
1064 1122 1158 1181 enixis
1171 1120 1352 1183 obtestemur

278 1202 435 1279 precibus,
451 1211 485 1263 ut
496 1201 527 1262 sd
543 1196 605 1281 ipse
615 1202 768 1263 confirmet
779 1202 960 1282 solidetque:
973 1220 1059 1263 omne
1069 1203 1148 1262 enim
1162 1199 1267 1263 dotum
1279 1204 1352 1284 opti-

275 1302 377 1367 mum,
393 1293 421 1344 et
431 1280 518 1344 omre
527 1282 640 1345 donum
647 1281 814 1365 perfect-um
824 1282 983 1345 desursum
992 1292 1050 1345 est.-
1062 1301 1156 1366 aeque
1166 1282 1222 1366 qui
1230 1280 1354 1365 plantat

259 1358 323 1447 ,ast
347 1362 480 1449 aliquid,
507 1383 601 1447 aeque
620 1363 677 1447 ‘qui
694 1365 789 1446 ripat,
810 1363 862 1426 sed
876 1366 931 1447 qui
948 1364 1163 1426 incrementum
1182 1362 1235 1425 dot
1254 1368 1348 1426 Deus.

319 1450 515 1507 Decernentes
529 1446 582 1507 has
602 1456 759 1525 presentes
772 1448 885 1508 litteras
911 1447 992 1508 nullo
1015 1464 1143 1526 unquam
1162 1454 1295 1523 tempore
1311 1447 1349 1507 de

280 1526 493 1609 subreptionis,
509 1536 537 1587 et
561 1528 759 1607 obreptionis,
784 1535 834 1587 aut
857 1527 1001 1589 nullitatis
1015 1528 1101 1604 uitio,
1117 1528 1164 1587 vel
1182 1529 1353 1589 intentionis
1373 1542 1379 1547 ·

280 1611 407 1684 Nostros,
423 1606 550 1670 aut'alio
562 1628 747 1687 quocumque
761 1609 876 1670 delectu
893 1610 987 1670 notari
1007 1610 1053 1669 vel
1070 1608 1237 1688 impugnari
1253 1628 1352 1687 posse,

280 1689 331 1749 sed
343 1708 459 1769 semper
477 1690 592 1767 firmas,
611 1690 735 1765 validas,
757 1698 788 1750 ct
800 1690 930 1751 efficaces
948 1691 1086 1767 existere,
1102 1699 1132 1750 et
1152 1690 1215 1750 lore
1229 1708 1354 1769 suosque

279 1770 444 1848 plenarios,
458 1780 488 1831 et
501 1772 630 1852 integros
652 1771 772 1833 effectus
785 1772 884 1832 sortiri
903 1778 932 1833 et
946 1772 1080 1833 obtinere
1092 1790 1125 1832 ae
1145 1770 1353 1832 inviolabiliter

280 1852 427 1913 observari
442 1851 566 1929 debere,
585 1853 842 1915 nonobstantibus
856 1854 1035 1931 apostolicis,
1050 1871 1084 1913 ac
1098 1853 1129 1912 in
1143 1852 1351 1931 synodalibus,

280 1934 523 2009 provincialibus,
551 1942 581 1997 et
594 1934 807 1996 universalibus
830 1935 960 1995 conciliis
982 1934 1069 1995 editis
1088 1932 1290 2013 generalibus,
1306 1935 1353 1994 vel

280 2016 451 2092 specialibus
466 2016 739 2092 constitutionibus,
759 2023 790 2076 et
809 2016 1068 2091 ordinationibus,
1086 2032 1199 2076 necnon
1213 2032 1353 2092 quarum·

281 2097 619 2175 cumqueecclesiarum,
643 2106 673 2158 et
691 2099 809 2176 piorum
833 2098 965 2159 locorum
994 2097 1125 2172 statutis,
1141 2104 1171 2155 et
1192 2096 1355 2176 privilegiis

281 2178 401 2256 aliisque
414 2179 568 2239 contrariis
588 2177 833 2257 quibuscumque.
851 2181 903 2240 llis
924 2179 1004 2239 enim
1021 2178 1159 2238 omnibus
1173 2178 1287 2238 tametsi
1300 2195 1354 2256 pro

281 2258 437 2320 sufficienti
451 2260 569 2321 illorum
584 2260 772 2340 derogatione
784 2260 917 2338 specialis
930 2259 1063 2321 iacienda
1075 2259 1186 2319 mantio
1200 2267 1291 2333 esset,
1307 2258 1354 2319 vel

281 2338 335 2400 alia
348 2342 491 2420 exquisita
504 2342 598 2402 lorma
616 2341 774 2417 servanda,
790 2348 934 2419 quatenus
950 2342 1107 2420 premissis
1125 2340 1241 2401 obstare
1255 2340 1353 2418 aliquo

281 2422 368 2481 modo
392 2425 518 2500 possint,
544 2441 680 2502 expresse
706 2422 892 2503 derogamus.
919 2424 1041 2484 irritum
1069 2438 1185 2502 quoque
1212 2430 1241 2481 et
1267 2422 1354 2481 inane

281 2502 466 2563 decernimus
490 2505 515 2563 si
541 2522 624 2564 secus
650 2522 739 2583 super
766 2504 813 2565 his
836 2512 853 2565 ‘a
876 2522 1023 2583 quoquam
1051 2503 1154 2582 quavis
1180 2504 1352 2563 auctoritate

182 2612 185 2615 ·
281 2583 407 2641 scienter
419 2583 466 2641 vel
483 2584 652 2661 ignoranter
666 2586 821 2662 contigerit
834 2586 983 2645 attentari.

321 2662 465 2722 Volumus
477 2671 574 2722 autem
586 2669 619 2720 ut
632 2662 739 2721 harum
753 2664 919 2723 litterarum
926 2666 1082 2742 exemplis,
1095 2666 1181 2725 etiam
1189 2664 1349 2743 impressis,

280 2761 428 2823 inanuque
441 2742 550 2821 publici
571 2742 677 2803 notarii
698 2742 885 2821 subscriptis,
899 2753 929 2804 ct
942 2763 994 2823 per
1008 2748 1199 2806 constitutum
1211 2747 1242 2805 in
1257 2746 1349 2814 eccler

279 2825 392 2886 siastiea
404 2826 546 2905 dignitate
555 2825 652 2885 virum
663 2842 716 2884 suo
729 2824 825 2903 sigillo
839 2827 977 2900 munitis,
990 2826 1092 2886 eadem
1106 2827 1248 2888 habeatur
1262 2827 1348 2905 tides,

283 2927 349 3047 {aba
369 2914 477 2966 nostras
491 2906 649 2967 voluntatis
670 2905 875 2985 significationi
889 2907 952 2985 ipso
974 2906 1030 2967 hoe
1043 2907 1201 2984 diplomate
1223 2917 1353 2986 ostenso,

305 3008 320 3047 a
343 2997 453 3049 eretur.
593 3028 597 3037 ·

322 3069 401 3132 Nulli
416 3087 486 3150 ergo
500 3069 620 3131 omnino
635 3067 788 3129 hominum
799 3067 884 3128 liceat
897 3067 974 3128 hanc
983 3068 1142 3128 voluntatis
1155 3075 1263 3129 nostrae
1276 3069 1353 3149 pagi-

283 3168 366 3227 nam,
379 3151 542 3232 inlringere
555 3151 600 3212 vel
612 3150 638 3210 ei
647 3168 719 3210 ausu
730 3150 886 3210 temerario
897 3150 1054 3211 contraire.
1067 3148 1096 3211 Si
1111 3153 1177 3228 quis
1187 3157 1285 3210 autem
1298 3149 1353 3211 hoc

283 3238 427 3291 attentare
447 3233 666 3312 presumpserit
679 3231 912 3311 indignationem
923 3232 1132 3310 omnipotentis
1152 3231 1224 3305 Dei,
1240 3248 1273 3290 ac
1287 3231 1357 3292 bea-

284 3321 382 3373 torum
396 3315 475 3373 Petri
489 3323 518 3373 et
533 3315 615 3375 Pauli
629 3313 825 3391 apostolorum
838 3313 901 3391 ejus
915 3330 946 3373 se
961 3313 1076 3373 noverit
1088 3314 1287 3373 incursurum.

326 3398 433 3455 Datum
447 3398 548 3456 Romae
560 3394 638 3473 apud
652 3398 791 3456 Sanctann
811 3399 933 3456 Petrum
946 3413 1024 3454 anno
1038 3394 1245 3455 incarnationis
1258 3394 1356 3454 domi·

284 3475 357 3535 nicae
376 3475 532 3536 millesimo
548 3475 789 3556 octingentesimo
808 3477 950 3556 vigesimo
969 3476 1107 3554 septimo,
1133 3483 1214 3538 sexto
1238 3477 1352 3538 decimo

285 3555 425 3617 kalendas
434 3556 623 3635 septembris,
638 3555 824 3636 pontificatus
833 3559 930 3620 Nostri
946 3575 1023 3619 anno
1036 3565 1152 3636 quarto.

735 3761 769 3817 B.
785 3759 874 3819 Cano.
889 3761 997 3832 Proca,
1009 3754 1233 3837 pro-datorius.

698 3863 761 3922 Pro
771 3860 891 3923 domino
904 3859 1058 3923 cardinali
1071 3859 1185 3923 Albano
1279 3853 1282 3858 ’

738 3973 771 4031 F.
786 3965 1153 4046 csricc1a1,sutarttasus.

803 4073 876 4136 Visa
888 4071 924 4134 de
937 4073 1024 4134 eurio
1038 4075 1076 4133 D.
1093 4075 1199 4133 Tasrs.

328 4202 580 4284 Loco†Plumbi.
1048 4205 1086 4264 V.
1102 4203 1275 4263 Cuonornus.
