3575 5625
539 677 544 686 ,
660 596 882 666 -ru-

227 742 382 831 actionis,
418 741 470 812 rel
503 742 694 813 intentionis
730 741 883 816 exclusio.
925 745 971 816 Ea
997 748 1023 816 si
1051 750 1187 820 omnino
1217 753 1301 846 peri-

228 842 292 912 mit
331 865 369 911 ao
408 838 496 910 tollit
528 841 714 930 actionem,
745 857 904 938 perpetuu
932 860 966 916 et
999 849 1242 943 peremptoria,
1278 851 1304 918 si

228 953 358 1008 tentum
381 935 423 1006 ad
446 952 578 1033 tempus
613 937 731 1032 agendi
756 939 882 1028 obstat,
915 955 949 1010 et
987 965 1112 1012 causam
1142 941 1183 1012 ad
1214 943 1305 1016 aliud

228 1049 385 1132 tempus,
410 1050 468 1106 aut
489 1033 591 1107 ulium
602 1034 771 1133 jndicem,
794 1036 846 1108 rel
873 1035 983 1110 locum
1015 1038 1184 1130 transfert,
1213 1056 1304 1114 tem-

228 1132 351 1227 poralis
376 1149 412 1204 et
442 1131 592 1203 dilatoria
617 1133 814 1228 appellatur.

275 1265 308 1366 ς.
337 1267 381 1338 ll.
408 1267 458 1336 Ex
478 1269 707 1364 peremptoriis
741 1267 988 1366 exceptionibus
1015 1268 1166 1366 quedem
1204 1287 1303 1360 sunt,

337 1366 495 1435 ma'orem
526 1367 594 1434 rim
624 1364 767 1454 habent,
797 1381 831 1437 et
863 1365 937 1437 ideo
961 1373 1210 1467 peremptorie
1233 1369 1306 1442 litis

253 1467 346 1536 raro
374 1391 550 1551 licuntur,
589 1478 695 1534 cetere
730 1464 940 1562 simpliciter
968 1471 1218 1564 peremptom'ae
1249 1491 1304 1562 ap

228 1558 408 1654 pellantur.
449 1559 554 1629 Primi
582 1563 711 1655 generis
736 1576 815 1632 sunt
842 1566 1048 1658 exceptiones
1065 1562 1304 1662 jurisjurandi,

231 1657 279 1726 rei
300 1655 476 1754 judicate,
502 1659 739 1730 transactionis.
770 1657 831 1732 11ae
858 1658 952 1730 litem
982 1661 1054 1759 jam
1077 1664 1305 1756 compositam,

231 1767 332 1850 atque
358 1753 513 1826 emedio
549 1753 711 1826 sublatam
748 1754 949 1843 ostendunt,
990 1772 1026 1828 et
1058 1757 1227 1829 exordium
1257 1759 1306 1856 ip·

231 1875 303 1920 sum
337 1851 525 1949 impediunt
563 1851 652 1944 litis,
697 1867 808 1925 vetant
834 1879 875 1924 ue
923 1879 967 1925 ne
1017 1855 1136 1925 frustra
1187 1879 1308 1928 norum

225 1946 390 2042 judicium
429 1951 617 2020 instituatur
655 1949 723 2048 (1).
762 1879 833 2021 sol
867 1966 906 2020 ut
946 1951 1055 2025 locum
1081 1951 1223 2024 habeant
1251 1952 1309 2024 hu·

227 2045 374 2142 jusmodi
412 2048 636 2144 exceptiones,
685 2071 814 2120 necesse
849 2064 921 2137 est,
973 2047 1064 2146 quod
1097 2049 1136 2120 lis
1178 2048 1307 2146 pridem

231 2145 373 2213 extincta
410 2143 463 2216 vel
502 2144 720 2242 jurejurando
788 2145 839 2217 rel
883 2147 1123 2237 transactione,
1174 2147 1225 2218 vel
1273 2171 1308 2218 re

226 2238 373 2336 judicata
401 2239 512 2313 denuo
543 2243 631 2312 inter
667 2198 796 2314 easrlem
825 2267 999 2340 personas,
1039 2242 1081 2313 de
1109 2243 1222 2316 eudem
1252 2269 1307 2333 re,

232 2353 332 2435 atque
361 2364 401 2410 ex
424 2338 539 2412 eadem
567 2339 703 2437 petendi
730 2366 823 2412 eausa
839 2342 1027 2413 instituatur
1058 2337 1124 2438 (ᾖ).

272 2501 318 2581 (i)
340 2504 413 2584 Cup.
431 2507 444 2564 t
463 2501 499 2564 de
513 2499 560 2564 lit.
585 2511 704 2565 coenet.
721 2503 755 2566 io
768 2507 800 2566 6.

270 2581 318 2665 (2)
337 2585 373 2644 L.
392 2587 424 2662 2,
439 2587 490 2662 12,
505 2587 557 2663 tt,
571 2587 623 2662 23,
636 2587 673 2648 li
694 2584 730 2669 ff.
746 2584 784 2648 cle
802 2587 923 2668 Except.
947 2585 1100 2669 rcijudic.
1126 2633 1131 2646 .

279 2735 315 2837 ς.
352 2737 413 2851 ill.
451 2738 733 2907 Exceptionum,
758 2765 839 2838 quas
873 2741 1084 2839 simpliciter
1115 2755 1311 2841 percmpto-

228 2840 312 2909 rt‘us
337 2834 500 2928 dicimus,
552 2863 638 2932 enge
669 2862 773 2935 msJor
806 2855 855 2911 est
892 2864 1072 2929 numerus,
1109 2866 1185 2911 oum
1219 2839 1310 2911 nulla

231 2932 303 3007 fere
335 2934 379 3005 sit
409 2937 516 3023 ectio,
572 2958 624 3007 uoe
662 2939 822 3007 contrariu
865 2962 906 3007 ex
966 2938 1055 3008 tione
1101 2937 1309 3027 submoveri,

232 3048 290 3102 aut
322 3026 396 3103 tolli
418 2962 596 3129 eliquanlo
623 3057 691 3104 non
713 3034 829 3129 possit.
858 3032 914 3105 Ad
966 3058 1006 3107 oc
1052 3058 1134 3105 enus
1167 3033 1311 3104 referun-

231 3143 289 3199 tur
333 3131 537 3225 exceptiones
569 3131 845 3227 praescriptionis,
882 3128 951 3201 doli
984 3058 1081 3219 mali,
1119 3144 1250 3217 metus,
1278 3146 1312 3205 et

233 3241 376 3314 uetere,
414 3252 552 3322 quarum
592 3252 661 3299 non
704 3228 838 3321 origum
878 3240 928 3297 est
969 3250 1126 3297 numerus
1169 3250 1243 3323 quos
1269 3252 1309 3299 ne

234 3324 301 3393 suis
326 3320 407 3394 locis
438 3326 474 3394 in
502 3340 645 3421 utroque
674 3323 755 3395 Jure
787 3322 977 3418 singillatim
1008 3323 1222 3420 explicantur.
1245 3252 1312 3398 llae

233 3444 308 3491 non
332 3420 519 3517 impediunt
546 3420 682 3518 quidem
706 3423 888 3516 ingressum
919 3417 1004 3506 litis,
1037 3421 1094 3494 sed
1124 3436 1230 3492 tamen
1255 3444 1312 3519 pe·

233 3518 368 3587 rimunt
388 3534 422 3587 et
446 3532 600 3589 evertunt
621 3520 783 3589 actionem
808 3520 1003 3589 institutam.

283 3648 321 3751 ς,
362 3650 422 3723 Vl.
465 3650 700 3747 Peremptoriae
742 3654 949 3749 exceptiones
983 3675 1052 3723 non
1094 3649 1194 3723 modo
1238 3667 1313 3723 ante

234 3746 332 3819 litem
372 3764 605 3837 contestatam,
635 3746 694 3819 sed
732 3752 830 3819 etiam
868 3764 981 3845 postea
1020 3750 1056 3819 in
1087 3748 1233 3845 qualibet
1260 3749 1314 3845 ju·

236 3842 315 3917 dicii
341 3862 456 3944 parte,
478 3862 555 3917 unte
580 3871 651 3917 rem
670 3845 851 3944 judicatam
870 3844 944 3942 (l),
972 3848 1053 3943 quin
1082 3848 1179 3915 etium
1207 3848 1313 3915 inter-

236 3940 324 4013 dnm
359 3959 434 4040 post
469 3968 539 4015 rem
576 3941 777 4043 judicatam,
813 3944 848 4013 in
888 3946 1017 4016 actione
1050 3940 1188 4042 judicati
1226 3956 1313 4011 recte

236 4056 458 4137 opponuntur
489 4040 557 4138 (2).
586 4039 651 4111 Par
676 4055 726 4113 est
744 4042 829 4113 rstio
860 4042 1105 4138 exceptionum,
1132 4063 1207 4135 quae
1245 4038 1311 4106 im·

236 4136 385 4232 podium
403 4140 525 4212 exitum
551 4140 751 4229 sententiae,
783 4155 822 4211 ut
859 4140 886 4209 si
918 4154 993 4235 post
1029 4162 1102 4211 eam
1139 4150 1228 4206 actor
1258 4156 1313 4203 no·
