3575 5625
923 700 1144 771 -un-

496 848 536 913 ed
561 846 614 911 itta
638 846 742 927 verda,
769 843 909 929 compede
933 846 1063 925 ioum,
1094 854 1127 907 ut
1145 844 1296 921 conficiat,
1321 846 1484 925 puniendos
1505 867 1558 910 esse

459 948 465 963 ·
494 932 595 994 atheos
610 940 638 991 et
655 930 823 1005 haereticos,
839 931 890 1007 qni
904 947 1020 990 morum
1041 928 1158 1022 regulas
1176 937 1386 1023 compmpunt,
1401 930 1452 1008 qui
1460 931 1558 1025 'turbu

493 1013 689 1157 iididii¹⁰⁸
699 1011 1559 1154 ditet1ttiddt‘tttttttffltti,utut

493 1195 593 1256 pennas
608 1195 624 1236 a
641 1114 791 1235 ddhottots
811 1182 913 1235 eontra
927 1174 1079 1235 haereticos
1096 1173 1269 1233 constitutas
1283 1110 1444 1249 vindicari,
1462 1174 1516 1236 late
1531 1194 1559 1235 ae

460 1302 464 1309 -
493 1276 616 1319 nervose
631 1255 759 1318 ostendit
776 1256 943 1319 Gauehatus
960 1253 1017 1317 loe.
1039 1255 1090 1315 eit.
1114 1252 1164 1317 tet.
1186 1256 1256 1317 144.
1272 1255 1380 1317 Conier
1393 1256 1482 1317 etiam
1498 1260 1561 1319 Boo·

494 1340 622 1401 suetiurn
633 1336 703 1402 tut.
716 1337 829 1400 verim.
842 1334 894 1399 td.
910 1339 951 1399 10
964 1355 1031 1420 cop.
1046 1338 1098 1398 to.

542 1493 574 1593 ς.
617 1488 660 1563 V.
702 1490 794 1579 Quin
826 1495 924 1563 etiam
955 1508 1043 1563 recta
1077 1495 1161 1565 ratio
1186 1517 1257 1565 non
1293 1493 1371 1563 sinit
1399 1491 1560 1564 nobiscum

494 1594 613 1663 versari
649 1589 816 1681 homines,
849 1592 908 1687 qui
944 1589 1155 1663 abhorrentes
1187 1617 1205 1660 a
1233 1593 1366 1662 veritate
1395 1593 1561 1661 sententias

495 1704 691 1787 sequuntur.
728 1688 814 1761 Nam
852 1714 892 1759 ex
938 1714 976 1760 ea
1022 1690 1191 1784 cognitum
1231 1714 1304 1761 com
1331 1686 1561 1786 rehensumqoe

495 1789 610 1889 animiq
640 1786 818 1876 habemus,
844 1810 912 1857 esse
937 1785 1176 1858 dominatorem
1211 1801 1246 1857 et
1277 1714 1471 1858 eductorum
1496 1811 1561 1858 onr-

496 1888 612 1981 nium,
650 1899 767 1957 cuneta
804 1900 888 1955 nutu
927 1900 1117 1978 regentem,
1149 1900 1364 1980 presentem,
1396 1886 1562 1955 immorta-

492 1982 558 2054 lem
594 2007 631 2053 ac
672 1996 912 2078 praepotentem
948 1981 1077 2071 Deum,
1114 2007 1214 2078 quem
1251 2006 1315 2073 eo,
1350 2006 1418 2079 quo
1453 1980 1560 2069 decet,

494 2081 585 2151 eultu
611 2080 777 2177 ,prosequi
816 2076 975 2149 debemus
1014 2094 1048 2149 et
1077 2105 1096 2148 a
1132 2105 1199 2176 quo
1236 2078 1398 2177 quidquid
1430 2078 1562 2151 creden·

496 2178 577 2247 dum
622 2178 824 2274 accepimus,
864 2177 1006 2247 veritatis
1045 2174 1236 2248 habendum
1272 2178 1344 2249 locu
1389 2192 1451 2248 ert.
1495 2176 1563 2248 Non

495 2276 583 2346 enim
619 2275 687 2371 ipse
726 2272 811 2357 salli,
845 2289 902 2344 aut
931 2272 1043 2345 fallere
1077 2300 1278 2373 quemquam
1312 2288 1443 2371 potest·
1469 2272 1562 2361 Quis·

496 2374 570 2469 quis
600 2372 699 2466 igitur
720 2371 761 2440 ab
793 2373 830 2441 iis
856 2370 1009 2460 dissidet,
1040 2396 1116 2467 quta
1145 2399 1164 2443 a
1193 2373 1263 2444 Deo
1296 2370 1416 2443 tradita
1444 2388 1480 2443 et
1507 2397 1563 2469 pa·

493 2468 610 2541 tefacta
642 2468 830 2540 hominibus
851 2482 943 2557 sunt,
971 2470 1092 2565 impius
1124 2485 1173 2540 ost
1209 2485 1242 2541 et
1273 2472 1399 2540 veritati
1428 2471 1560 2554 resistit3

496 2592 558 2638 neo
592 2582 680 2638 recta
708 2569 790 2637 ratio
829 2590 974 2638 errorem
1008 2590 1084 2637 eum
1116 2569 1250 2638 veritate
1283 2565 1444 2638 confundi
1474 2568 1561 2652 sinit,

496 2680 528 2735 et
565 2688 640 2733 oum
670 2661 733 2753 iis,
767 2665 824 2760 qui
863 2666 990 2735 veritati
1025 2663 1216 2755 adhoerent,
1260 2668 1427 2735 turmetim
1473 2678 1565 2761 atque

497 2762 700 2835 commixtim
738 2762 870 2855 rivere,
928 2764 987 2860 qui
1035 2761 1113 2836 ulios
1157 2760 1320 2836 deducere
1371 2788 1389 2834 a
1439 2763 1565 2835 veritate

495 2875 633 2956 possum
661 2859 728 2957 (t).

532 3023 575 3104 (d)
596 3023 723 3085 Pulchre
737 3023 885 3086 Victorius
903 3023 995 3085 Mario
1020 3027 1105 3087 cusu
1125 3025 1164 3086 de
1185 3025 1236 3086 dri
1278 3041 1334 3085 ano
1352 3021 1523 3092 cardinalis,
1539 3028 1566 3080 et

496 3105 731 3186 archiepiscopus
749 3106 939 3168 'taurinensis
955 3106 986 3166 in
1004 3106 1121 3188 egregia
1143 3107 1226 3189 Syrte
1284 3104 1467 3182 dioecesano,
1484 3119 1566 3182 quam

496 3205 592 3268 nuper
605 3187 769 3269 evulgavit,
784 3206 850 3270 cop.
867 3189 886 3248 ἓ
902 3206 976 3270 paq.
991 3189 1047 3267 55,
1074 3214 1087 3241 ι
1104 3191 1207 3266 Neque
1219 3188 1300 3249 enim
1313 3187 1472 3248 hominum
1486 3185 1566 3246 socie·

495 3271 564 3345 tati,
591 3269 705 3347 inquit,
729 3269 803 3330 bene
827 3287 889 3330 esse
906 3277 1016 3347 potest,
1037 3269 1094 3330 nisi
1113 3269 1249 3330 homines
1273 3269 1436 3330 seeundum
1464 3275 1566 3328 rectam

495 3351 640 3411 rationem
658 3351 770 3410 vivant.
791 3349 870 3426 Quid
887 3358 987 3411 autem
1011 3359 1056 3411 eet
1086 3359 1196 3411 rectam
1220 3351 1366 3412 rationem
1389 3351 1490 3429 sequi,
1514 3346 1566 3408 nisi

495 3431 549 3490 Dei
567 3429 725 3507 voluntati,
747 3431 798 3508 qui
822 3439 933 3492 eterna
954 3439 983 3493 et
1005 3450 1120 3493 summa
1145 3433 1222 3493 ratio
1242 3440 1302 3510 est,
1322 3431 1526 3512 obtemperare
1540 3435 1567 3488 et

492 3510 576 3589 juxta
589 3528 653 3572 eam
665 3513 787 3570 vivere?
800 3535 813 3564 n

544 3663 576 3764 ς.
606 3663 665 3734 VI.
694 3663 810 3763 Neque
842 3666 938 3738 elicui
963 3671 1051 3767 justa
1083 3669 1203 3741 erroris
1232 3670 1393 3740 excusatio
1421 3683 1491 3756 est,
1516 3680 1568 3736 ant

496 3761 586 3859 quod
612 3763 647 3831 in
682 3765 817 3836 veritate
847 3763 968 3854 haeret,
998 3781 1056 3835 aut
1081 3766 1172 3863 quod
1204 3791 1274 3837 eam
1310 3791 1375 3838 non
1405 3767 1481 3836 satis
1505 3779 1568 3834 ‘ex-

494 3858 653 3956 ploratam
680 3857 791 3933 babet.
827 3860 916 3934 Nam
959 3863 1064 3952 Deus,
1109 3865 1166 3960 qui
1208 3863 1357 3936 homines
1401 3865 1569 3934 veritatem

495 3981 669 4054 agnoscere
703 3971 738 4026 et
772 3959 864 4054 sequi
902 3957 1027 4045 voluit,
1060 3976 1149 4032 certo
1184 3960 1277 4032 dedit
1306 3965 1417 4056 signa,
1453 3957 1569 4056 quibua

495 4055 608 4128 eadem
645 4057 872 4126 innotesceret.
911 4053 1067 4154 Quisquis
1100 4056 1174 4131 haec
1206 4060 1296 4154 signa
1328 4058 1488 4154 despicit,
1510 4079 1571 4124 ne·

496 4177 562 4248 que
593 4150 706 4228 sedulo
748 4154 784 4223 in
820 4154 989 4225 veritatem
1023 4157 1178 4252 inquirit,
1217 4155 1313 4252 culpa
1353 4179 1423 4226 non
1462 4166 1568 4234 vaeat3

495 4275 572 4320 cum
599 4251 635 4321 iis
666 4275 762 4342 sero,
796 4252 854 4348 qui
885 4277 985 4350 prate
1015 4254 1165 4324 sentiunt
1196 4253 1365 4326 voluntate
1392 4267 1426 4323 et
1470 4248 1571 4347 perti·
