3575 5625
727 409 773 479 isc
813 465 818 472 Ι

678 631 799 736 ..ss
824 706 873 722 .-

229 761 444 896 lmthffimus,
458 799 557 890 quirin
568 808 718 895 Apolopct.
734 831 799 896 ocp.
816 815 853 875 59
868 831 939 896 pop.
959 815 995 876 5¹
1015 810 1060 875 ed.
1079 813 1180 876 Porio.
1198 815 1303 877 lotoe

237 897 402 970 occinere,
414 893 527 974 inquit,
542 893 578 955 dd
588 895 753 956 litterarum
765 896 932 958 divinarum
942 897 1301 958 commemorationem...

111 980 112 1046 1
230 976 347 1038 Ibidem
357 973 450 1036 titiam
464 976 696 1051 exhortationes,
712 979 915 1059 castigationes
928 987 958 1039 et
969 997 1092 1040 censura
1104 977 1214 1040 divina,
1228 982 1305 1042 Nem

111 1073 112 1084 ¹
230 1059 424 1138 etjudioatur
434 1077 616 1142 magnccum
628 1059 1119 1140 pondere,utapudoertosde1lei
1130 1070 1304 1142 conspeetu,

111 1191 112 1216 ,
230 1141 568 1230 summumqucuiuturl·
579 1140 684 1220 judicii
712 1143 917 1226 prejudicium
940 1151 999 1218 est,
1024 1145 1050 1203 ei
1075 1143 1141 1220 quis
1166 1144 1208 1205 ita
1234 1144 1306 1206 dcli·

230 1225 346 1301 querit,'
368 1231 403 1282 ut
422 1243 445 1283 a·
461 1225 722 1286 communicatione
743 1224 883 1286 orationis
911 1233 942 1285 et
958 1233 1132 1301 conventus,
1157 1233 1187 1286 et
1207 1226 1305 1288 omnis

111 1303 112 1338 ³
230 1307 324 1367 senui
335 1299 503 1366 commercii
513 1307 670 1388 relegetur.
684 1331 697 1360 n
713 1308 826 1383 Quibus
838 1325 874 1368 ex
888 1306 987 1368 verbis
1000 1307 1189 1388 intelligitur,
1206 1326 1305 1369 censu·

230 1405 295 1466 ram
322 1381 560 1465 ciclosiastioam,
585 1407 619 1449 ae
638 1391 800 1469 presertim
821 1389 1166 1465 excommunicationem,
1193 1388 1231 1450 de
1248 1408 1307 1468 qua

231 1461 434 1532 Tertullianus
454 1470 600 1549 loquitur,
623 1471 713 1534 luisse
737 1481 835 1532 actum
850 1471 1039 1551 judicialem,
1062 1489 1184 1549 eamque
1200 1472 1238 1532 ab
1259 1489 1308 1532 cc·

233 1551 338 1629 clesia,
365 1569 401 1611 rc
419 1553 550 1631 primum
568 1553 683 1633 cognita
700 1561 730 1614 et
750 1571 875 1633 expensa
893 1553 1065 1635 diligenter,
1089 1553 1161 1613 ferri
1183 1571 1307 1614 consuc-

234 1633 321 1696 νίκα
347 1634 427 1708 Quid
450 1633 545 1695 dicam
570 1635 759 1712 decencilio
784 1637 979 1712 illiberitano,
999 1634 1079 1714 quod
1105 1633 1238 1696 hobitum
1262 1643 1307 1696 est

233 1733 312 1776 euno
335 1716 470 1798 §obtin
484 1735 523 1802 ⁰⁰.
536 1717 595 1778 duo
608 1725 678 1778 sunt
696 1735 835 1794 canones,
851 1719 994 1778 nimirum
1010 1735 1079 1778 ecc.
1099 1719 1139 1778 74
1156 1725 1185 1776 et
1202 1719 1259 1793 tt,
1275 1719 1308 1778 in

235 1797 346 1882 quibus
360 1799 460 1880 agitur
478 1798 517 1860 dc
532 1799 781 1875 accusationibus,
797 1819 863 1878 qum
885 1807 987 1860 contra
1004 1798 1123 1860 clericos
1141 1817 1308 1880 proponun-

235 1887 487 1968 tur,-·gmtmqoc
506 1890 616 1943 contra:
626 1883 848 1944 calumniatores
870 1881 1053 1942 inducuntur
1073 1899 1194 1961 poenoe,
1219 1900 1253 1942 ac
1275 1898 1309 1941 ca
1423 1915 1436 1936 .

111 1971 112 1982 ’
237 1961 275 2022 de
295 1981 330 2022 re
349 1967 414 2022 tota
436 1962 483 2043 ogi
505 1962 663 2024 dieitur'io
682 1972 826 2026 concentu
843 1960 1029 2024 cler-iconem.
1051 1966 1118 2025 Duo
1132 1962 1164 2024 hi
1183 1981 1309 2026 oenones

111 2111 112 2114 Ἴ
237 2041 305 2128 εἰιιίιΙ
321 2039 586 2123 ἀυὶιίο,ῗραιἰἰηεηῑ
603 2045 640 2108 ad
649 2047 765 2125 -judicia
787 2045 990 2123 ecelesiastica,
1011 2052 1046 2106 ut
1067 2047 1229 2107 rectissime
1252 2045 1308 2107 ob-

238 2121 693 2240 mollitionem-‘teme
719 2147 789 2212 opp.
813 2147 885 2211 paq.
909 2129 967 2191 tto
989 2125 1037 2190 cd.
1058 2125 1187 2210 Neapol.
1213 2129 1306 2191 1770.

283 2302 314 2404 ᾗ.
347 2277 453 2400 ,xivg
467 2291 688 2404 ‘Temponnlhs
755 2333 862 2405 uoque
898 2332 1005 2378 causas
1033 2305 1304 2395 christianorum,

239 2401 378 2474 ethnicis
394 2385 674 2504 ..⁶⁰,1ii11215tib1122
717 2335 758 2478 ait
805 2405 946 2478 ecolesiae
984 2405 1222 2500 magistratibus
1254 2406 1308 2502 ju·

239 2500 359 2574 dicatus
384 2501 500 2592 fuisse,
540 2503 590 2576 tel
628 2530 666 2576 er
703 2529 742 2576 eo
774 2501 990 2600 intelligitur,
1027 2503 1117 2600 quod
1151 2528 1211 2600 per
1246 2503 1308 2572 tria

111 2665 112 2672 ,
237 2597 358 2673 saecula
387 2599 506 2699 eliquat
535 2617 622 2673 certe
658 2605 744 2674 inter
781 2602 870 2673 illam
909 2603 1085 2674 hominum
1117 2599 1308 2672 multitudi-

111 2713 112 2730 *
239 2722 316 2768 nem
348 2700 483 2771 existere
513 2699 699 2772 debuerunt
732 2703 974 2790 controversie,
1018 2724 1092 2797 quse
1119 2725 1162 2771 uc
1190 2698 1308 2769 defue-

237 2811 317 2867 runt
346 2797 480 2896 quidem
496 2799 593 2869 initio
622 2799 765 2871 ecolesiae
783 2826 819 2871 ac
836 2799 912 2870 viris
936 2797 1106 2897 apostolis,
1134 2815 1168 2869 et
1197 2813 1308 2867 tamen

237 2894 349 2967 nullus
393 2923 539 2995 unquam
588 2896 779 2971 christianus
820 2924 871 2969 eas
912 2897 1031 2971 detulit
1076 2895 1119 2966 ad
1161 2894 1309 2967 ethnicos

238 2996 455 3089 magistratus.
511 2994 666 3066 Manebat
719 2998 806 3067 enim
861 2997 930 3068 elta
981 3012 1092 3067 mente
1141 3008 1308 3090 repostum

237 3095 485 3189 praescriptum,
507 3092 620 3183 Pculi,
665 3094 755 3191 quod
793 3095 981 3167 christianos
1023 3118 1132 3165 ocrem
1169 3090 1308 3161 ethnicis

218 3191 478 3289 'magistratibus
514 3191 639 3293 litigare
676 3192 822 3284 vetabat,
859 3209 893 3263 et
923 3193 997 3264 idco
1027 3193 1085 3288 qui
1127 3187 1309 3260 christianae

239 3276 445 3386 reipublice
464 3312 538 3361 cum
579 3292 723 3388 'imperio
765 3308 950 3391 praeerant,
996 3288 1080 3361 hano
1122 3289 1221 3359 etiam
1259 3288 1309 3356 sui

239 3389 368 3483 imperii
399 3382 432 3459 e't
462 3386 561 3460 officii
600 3404 730 3485 partem
770 3392 807 3461 in
843 3416 940 3461 suum
979 3390 1097 3485 cuique
1141 3383 1308 3457 reddendo

244 3486 448 3582 explicabant
465 3486 532 3583 (l).

279 3681 322 3764 (l)
345 3682 512 3745 secundm
531 3684 660 3761 Apostoli
674 3694 852 3765 preceptum
874 3692 976 3745 auctor
997 3692 1088 3745 comt.
1118 3684 1221 3764 Apoet.
1242 3679 1264 3741 l.
1289 3682 1308 3741 2

241 3782 306 3847 cop.
327 3768 381 3842 bl,
403 3765 482 3843 apud
503 3766 593 3827 (otei.
621 3768 686 3827 PP.
713 3770 819 3849 Apoot.
839 3776 908 3828 tom.
931 3770 944 3828 l
966 3784 1039 3860 pop.
1064 3767 1124 3827 tot
1138 3763 1185 3826 ed.
1209 3766 1309 3825 Amat.

241 3854 335 3925 vetat,
357 3847 477 3924 nequis
491 3844 589 3909 nome
601 3846 804 3943 adjudicium
817 3846 987 3930 gentilium,
1005 3865 1065 3909 tow
1081 3866 1119 3909 ne
1130 3844 1306 3929 potiemini,

241 3930 297 4003 ait,
329 3936 366 3990 ot
392 3924 548 3989 seculares
573 3940 766 4011 mopestrotce
794 3928 829 3991 dc
853 3932 951 3992 occeio
968 3928 1117 4011 judicent.
1144 3933 1180 3991 Et
1205 3948 1231 3988 e.
1267 3928 1307 3987 46

239 4028 311 4093 pop.
329 4008 397 4071 eod.
410 4010 486 4071 Nei
504 4010 580 4087 itur,
602 4012 712 4091 inquit,
731 4012 954 4096 disceptationes
969 4018 1085 4073 oestrus
1100 4006 1221 4094 pentilee
1242 4026 1310 4089 oop-

243 4102 376 4154 noceant.
392 4030 520 4154 condio
535 4093 712 4172 llipponcnsi
727 4113 805 4156 anno
820 4096 878 4157 598
893 4084 961 4156 cen]
980 4094 1104 4155 otton.
1121 4095 1140 4155 2
1157 4089 1211 4153 col.
1230 4091 1309 4150 4444

243 4171 306 4235 coll.
330 4172 437 4236 labbei
455 4172 525 4235 edit.
550 4174 650 4237 vertet.
669 4177 739 4237 item
762 4178 916 4253 statuitur,
941 4175 1022 4255 quod
1044 4170 1225 4246 Catholieco,
1255 4172 1310 4253 qni
1398 4178 1413 4257 j
1521 4220 1524 4227 f

246 4272 368 4319 mutem
385 4274 473 4319 mmm
485 4255 546 4319 eive
559 4256 693 4340 juetam,
712 4258 772 4321 eive
790 4258 952 4343 injustam,
972 4255 1171 4339 adjudicium
1184 4249 1308 4315 alteiae
