3575 5625
905 640 1127 710 -174-

470 786 621 867 judicandi
646 787 677 849 in
699 788 793 849 causis
810 786 983 867 majoribus,
998 794 1064 849 tum
1090 784 1230 847 adversus
1248 785 1296 865 jas
1321 786 1556 866 appellationum

474 877 505 930 et
529 870 621 929 multa
644 870 733 946 item,
762 876 794 929 ut
822 878 934 930 ceteros
961 870 1093 945 mittam,
1123 868 1234 931 babent
1259 870 1417 949 Banagius
1443 867 1555 931 44444.

473 946 587 1031 politic.
611 948 678 1011 eccl.
707 948 749 1011 od
763 969 816 1009 aa.
840 952 899 1013 547
923 968 1009 1011 nam.
1039 953 1073 1012 44
1098 968 1182 1033 sep,-
1207 949 1370 1011 Fcbronius
1391 948 1428 1011 de
1450 948 1554 1013 eccles.

474 1040 545 1094 stat.
566 1050 593 1092 c.
619 1034 637 1093 6
654 1028 680 1111 §.
705 1033 724 1093 6
744 1049 831 1093 oum.
854 1035 891 1109 9,·
910 1035 976 1093 Van
996 1035 1092 1111 Espen
1109 1033 1180 1092 Jur.
1198 1028 1299 1094 ecclea.
1319 1050 1389 1113 par.
1408 1034 1429 1091 2
1451 1034 1496 1093 tit.
1511 1034 1557 1092 to

475 1130 544 1193 cap.
574 1115 610 1188 l,·
638 1114 784 1193 Fleuryus
806 1111 880 1175 disc.
902 1116 922 1174 4
949 1131 1035 1173 num.
1060 1115 1097 1189 4,·
1126 1112 1265 1193 Eybelius
1290 1112 1325 1174 in
1351 1109 1446 1175 lucto
1471 1111 1557 1190 Quid

475 1202 518 1255 444
537 1195 639 1274 Papo,
662 1194 714 1255 sed
728 1194 777 1273 jus
794 1195 890 1273 ipsum
906 1194 1150 1273 appellationum,
1174 1193 1254 1274 quod
1280 1194 1313 1254 in
1337 1194 1469 1256 Primatu
1493 1194 1558 1256 644·

474 1282 538 1351 444,
567 1276 661 1337 solide
687 1276 874 1354 copioseque,
904 1283 1012 1355 praeter
1040 1283 1168 1353 4444444,
1196 1283 1319 1336 tuentur
1345 1276 1487 1337 Baronius
1513 1276 1556 1336 ad

476 1376 529 1417 aa.
551 1358 610 1418 547
629 1377 661 1418 a.
682 1361 721 1419 64
737 1364 808 1418 torn.
824 1360 844 1419 4
860 1376 932 1441 pop.
950 1360 1029 1434 440,
1047 1358 1150 1436 ibique
1169 1358 1275 1438 Pagina
1292 1356 1326 1417 in
1344 1366 1405 1419 not.
1428 1374 1513 1418 aum.
1534 1360 1555 1416 6

474 1456 536 1581 sppt
555 1458 627 1521 pap.
645 1440 707 1499 458
718 1456 791 1520 aeq,
816 1445 845 1500 44
861 1437 969 1501 adan.
996 1441 1057 1501 449
1080 1456 1166 1501 aum.
1192 1441 1232 1500 74
1254 1446 1325 1499 aa.
1353 1440 1371 1499 7
1395 1458 1466 1521 pap.
1491 1440 1556 1499 479

475 1537 547 1581 44.

333 1560 336 1564 -
460 1576 462 1579 .
573 1522 676 1596 44444
695 1520 888 1583 Bellarminus
913 1518 950 1582 de
975 1522 1105 1582 Roman.
1127 1517 1242 1603 Pontis.
1262 1516 1312 1580 lib.
1338 1521 1402 1582 24.
1428 1524 1464 1583 tt
1486 1536 1556 1603 seq.

476 1618 546 1683 opp.
569 1610 640 1663 too.
669 1605 682 1662 4
708 1620 779 1683 pop.
803 1604 863 1665 550
886 1619 948 1685 seq.
970 1599 1016 1663 ed.
1042 1604 1116 1663 Vea.
1143 1604 1239 1677 4754,·
1263 1602 1433 1663 Franciscus
1452 1601 1491 1661 dc
1509 1603 1557 1664 Si·

475 1682 630 1744 meanibns
651 1680 685 1744 de
701 1682 852 1745 Iudiciar.
871 1700 982 1745 summ.
1008 1682 1149 1764 Pontific.
1175 1690 1313 1764 potestat.
1336 1680 1387 1745 lib.
1404 1684 1424 1743 2
1443 1702 1469 1744 c.
1494 1685 1556 1758 20,-

475 1764 585 1827 Natalis
599 1764 765 1827 Alexander
780 1762 851 1828 liat.
875 1762 943 1827 eccl.
966 1761 1039 1826 44444.
1057 1767 1097 1825 28
1111 1764 1145 1826 io
1161 1782 1228 1826 aaa.
1251 1766 1302 1825 IV
1319 1772 1342 1825 4.
1362 1769 1383 1826 4
1398 1784 1470 1847 pop.
1489 1766 1556 1825 tau

475 1852 581 1930 etseq.
602 1845 648 1908 ed.
669 1849 741 1909 Ven.
760 1849 850 1925 4776,
868 1847 969 1927 ibique
992 1854 1129 1909 44444444
1150 1854 1283 1907 auctores
1304 1864 1375 1928 pap.
1391 1849 1449 1907 484
1470 1862 1558 1929 seq„-

478 1925 661 1990 Christianus
676 1932 773 2007 Lupus
788 1929 928 2008 peculiari
946 1946 1036 2006 opere
1048 1925 1084 1990 dc
1099 1924 1368 2009 Appellatiom'bas,¹
1387 1929 1556 1991 Zalwenius

476 2011 554 2070 lost.
572 2008 706 2069 canonic.
728 2016 798 2070 tom.
818 2012 837 2070 ⁶2
862 2029 914 2093 qu.
939 2010 953 2069 4
973 2027 999 2069 4.
1021 2008 1083 2091 45.
1114 2013 1150 2086 6,·
1172 2008 1282 2071 moed.
1301 2012 1372 2071 xlv
1391 2007 1427 2070 dc
1443 2010 1554 2092 synod.

475 2086 588 2151 dicaces.
616 2086 667 2150 lib.
688 2094 751 2150 44.
774 2091 843 2149 dn.
863 2096 902 2167 n,
918 2089 1152 2170 archiepiscopus
1173 2090 1348 2153 senonensis
1367 2092 1557 2155 Iuatntetioa

474 2167 625 2251 pastorale
658 2177 817 2231 4444444444
842 2190 901 2233 ane
923 2171 1070 2234 4444444444
1102 2169 1187 2234 lettre
1214 2175 1235 2233 d
1259 2190 1304 2232 uo
1330 2170 1485 2235 conseiller
1509 2174 1556 2237 du

478 2248 652 2346 Perlepceot
665 2250 700 2313 ale
721 2252 822 2331 Paris,
844 2272 897 2315 an.
919 2255 1016 2330 47454
1040 2254 1135 2316 David
1157 2254 1187 2313 in
1215 2271 1305 2332 opere
1321 2251 1371 2315 dec
1391 2258 1556 2336 Jupemeus

477 2330 799 2491 llllttttl‘fti
815 2333 1555 2482 {tlt’ibldtttffltlttldcltttt

477 2494 512 2556 de
531 2492 802 2576 appellationibus,
823 2499 940 2559 Fratres
961 2498 1108 2559 ballerinii
1126 2496 1160 2557 in
1173 2495 1219 2558 ed.
1244 2516 1312 2580 opp.
1335 2500 1367 2560 S.
1383 2500 1489 2563 644444
1501 2505 1555 2564 Μ.

478 2574 589 2637 observ.
609 2575 650 2637 ad
662 2576 734 2640 diss.
751 2580 768 2639 6
785 2576 937 2653 Qucsnelli
955 2586 978 2639 4.
995 2576 1081 2641 boul.
1094 2580 1155 2639 92⁷
1167 2588 1196 2640 44
1211 2597 1286 2663 sep,
1303 2599 1337 2641 44
1354 2582 1418 2642 Viri
1432 2583 1554 2645 clariss.

477 2656 656 2720 blamochius
673 2658 714 2720 ad
731 2668 880 2721 4444444444
897 2679 945 2741 op.
964 2658 1045 2736 Quid
1057 2668 1102 2722 444
1121 2662 1222 2743 Papa,
1246 2660 1331 2743 epist.
1352 2664 1371 2723 5
1394 2682 1465 2745 pap.
1490 2668 1557 2728 454

478 2748 585 2824 etseq.
603 2747 674 2801 tom.
696 2744 725 2818 4,
751 2748 782 2802 44
803 2744 937 2804 Zaccaria
959 2739 1171 2804 Anti-Februa.
1191 2750 1262 2804 tom.
1284 2746 1303 2804 5
1323 2740 1373 2805 tit.
1391 2747 1410 2805 5
1429 2764 1485 2828 per
1498 2754 1554 2809 tot.

477 2822 559 2967 41445144
583 2821 796 2887 Anti-Febroa.
822 2821 935 2887 vindic.
961 2833 1033 2886 tom.
1057 2827 1076 2886 5
1096 2821 1171 2888 aas.
1198 2827 1217 2886 7
1240 2844 1307 2908 cop.
1334 2829 1353 2888 4
1379 2836 1408 2890 44
1432 2829 1451 2889 6
1478 2848 1553 2912 pop.

551 2922 613 2987 seq.

526 3017 557 3118 §.
590 3019 689 3090 XXI.
721 3019 817 3092 Certe
847 3019 995 3093 Christus
1030 3047 1099 3094 non
1127 3024 1204 3096 alios
1235 3027 1404 3096 constituit
1431 3030 1556 3124 magis-

478 3133 601 3209 tratus,
642 3120 699 3213 qui
742 3117 909 3190 ecclesiam
951 3138 1122 3217 regerent,
1157 3147 1256 3219 quam
1299 3125 1486 3221 episcopos,
1519 3141 1556 3197 et

478 3241 583 3285 unum
622 3217 772 3286 omnium
802 3233 901 3312 caput
927 3243 965 3288 ac
999 3221 1183 3316 principem
1220 3245 1389 3291 summam
1432 3221 1556 3293 Ponti·

477 3309 592 3399 ficem,
639 3314 696 3407 qui
733 3329 766 3383 ct
798 3317 955 3411 episcopis
997 3329 1031 3385 et
1067 3319 1192 3388 cunctis
1222 3317 1406 3390 christianae
1439 3323 1556 3416 reipu-

467 3407 572 3479 -blieae
612 3409 734 3478 civibus
772 3409 931 3504 dignitate
967 3439 1004 3484 aa
1041 3413 1269 3511 jurisdictione
1307 3434 1472 3512 praeesset.
1516 3416 1556 3489 Si

477 3501 658 3574 secundum
696 3507 783 3575 hanc
814 3505 934 3578 Christi
964 3513 1201 3584 institutionem
1239 3513 1374 3612 alicujus
1409 3517 1556 3612 episcopi

472 3597 634 3694 judicium
675 3601 842 3673 emendari
889 3606 1103 3704 obrogarique
1160 3609 1342 3701 debuisset,
1392 3628 1427 3683 et
1476 3637 1557 3686 veno

478 3721 576 3768 nemo
605 3721 674 3768 non
719 3697 896 3793 fatebitur,
943 3729 1057 3775 omncs
1107 3705 1255 3778 homines
1286 3733 1394 3780 errare
1431 3733 1553 3806 posse,

478 3793 618 3889 ideoque
645 3799 816 3867 inventum
841 3815 888 3869 est
915 3801 1099 3873 remedium
1142 3804 1385 3901 appellationis,
1426 3823 1463 3876 ut
1488 3809 1554 3922 ju·

478 3889 556 3961 dicis
585 3916 676 3963 error
707 3899 906 3990 corrigatur,
936 3901 1009 3994 quis
1038 3899 1075 3970 id
1104 3918 1280 3998 praestare,
1315 3919 1350 3974 et
1371 3929 1471 4000 quern
1489 3931 1555 4002 Ju-

478 3987 562 4060 dicio
594 3990 712 4087 injuria
744 3990 916 4064 damnatus
944 3996 1109 4093 appellare
1144 4001 1324 4096 potuisset?
1351 3999 1448 4071 Haud
1474 4028 1555 4073 sane

478 4085 558 4157 alius
594 4091 763 4184 episcopus
805 4092 947 4190 episcopi
982 4099 1178 4168 sententiam
1214 4097 1383 4170 infirmare
1421 4101 1554 4196 potuis-
1605 4149 1618 4166 .

479 4202 549 4273 set,
578 4188 733 4287 quoniam
759 4185 909 4261 Christus
942 4191 1066 4264 nullam
1099 4196 1156 4264 nni
1186 4197 1339 4294 episcopo
1365 4222 1463 4295 supra
1494 4222 1556 4269 ce-
