3575 5625
673 653 821 724 -295
846 699 895 710 -

247 799 460 864 Alexandrino
479 799 622 880 'leopbilo
634 800 771 862 damoeta
788 801 925 876 luerunt,
943 820 975 864 rc
996 805 1084 864 vetita
1109 823 1211 866 eorum
1232 806 1320 870 lectio

247 887 300 945 cs.
315 879 480 961 Epiphanio
490 883 595 962 Cypri,
610 901 628 942 r
641 886 674 946 S.
690 882 843 946 bonimio
858 887 892 944 Ρ.
909 887 1023 962 Rome,
1038 903 1076 947 en
1092 887 1237 967 quidquid
1249 890 1320 950 Ori-

247 981 333 1044 genes
353 967 512 1044 scripserat
531 964 595 1042 peri
612 964 702 1026 modo
719 964 919 1044 improbatum
935 968 998 1026 est?
1016 969 1090 1028 Cum
1106 969 1136 1029 in
1154 969 1276 1030 concilio
1291 971 1317 1031 V

247 1047 443 1108 Olimmenieo
459 1045 516 1106 trie
533 1045 658 1124 cepitule
673 1045 818 1108 &morte
829 1047 967 1123 fuerunt,
982 1064 1020 1108 en
1035 1050 1148 1124 omnio,
1166 1069 1232 1128 quer
1246 1051 1319 1130 epie

244 1127 300 1186 toln
322 1127 383 1188 Ibe
410 1127 550 1190 Edesseni
571 1127 610 1188 ed
637 1128 742 1190 llerim
763 1131 898 1194 Persem.
926 1137 1015 1208 elque
1038 1129 1145 1208 scripte
1168 1131 1316 1194 Tbeodori

244 1209 439 1288 Mopsuesteni
454 1227 488 1270 ec
512 1207 690 1270 'lbeodoreti
712 1209 852 1270 adversus
871 1213 904 1273 S.
927 1209 1071 1290 cyrillum
1091 1211 1318 1292 comprehende·

245 1287 329 1363 bont,
357 1289 504 1352 similibus
525 1289 632 1352 iniectu
652 1291 818 1368 erroribus,
839 1299 870 1353 et
892 1292 956 1370 peri
983 1291 1072 1373 digne
1098 1299 1166 1354 noto
1190 1293 1320 1372 judieetn

244 1375 333 1431 sunt?
344 1375 380 1434 ln
392 1372 497 1434 codem
509 1371 633 1434 concilio
644 1373 781 1434 demente
795 1374 918 1434 bierunt
936 1374 1044 1435 litteree
1062 1375 1184 1436 llonorii
1202 1373 1240 1434 ed
1251 1379 1321 1438 Ser·-

243 1451 341 1530 gium,
364 1461 395 1512 et
413 1453 521 1534 Pyrrhi
541 1455 853 1534 constantinopolitani
870 1453 909 1514 ed
926 1459 1033 1518 losnn.
1058 1457 1099 1516 Ν
1117 1459 1165 1530 Ρ.,
1181 1457 1248 1534 quis
1262 1475 1321 1520 cre·

243 1531 308 1609 det,
321 1533 496 1596 demnatum
511 1536 768 1615 proscriptumque
784 1536 921 1598 similiter
934 1538 1025 1600 fuisse
1043 1536 1190 1616 quidquid
1204 1537 1319 1600 duobus

245 1613 354 1678 litteris
368 1618 511 1697 scriptum
523 1619 641 1679 fueret?

289 1780 322 1880 ς.
365 1781 439 1853 vll.
496 1780 654 1852 Summus
702 1779 853 1853 Pontifex
890 1780 1002 1854 libros
1041 1782 1195 1874 damnet,
1239 1808 1322 1882 quos
1421 1830 1424 1836 ·

242 1884 361 1950 noxios
406 1905 475 1952 esse
516 1877 749 1975 deprehendit,
791 1895 848 1950 ent
889 1905 951 1976 per
967 1917 979 1928 =
997 1879 1113 1970 breve,
1161 1879 1325 1955 bullnmve

241 2001 360 2064 suem,
401 1993 458 2046 eut
501 2001 562 2074 per
599 1978 863 2072 congregationes
904 1975 1022 2048 lndicis
1060 1977 1136 2074 (1),
1178 1977 1324 2052 Sucraeve

243 2074 485 2170 inquisitionis,
519 2071 599 2146 olim
626 2078 723 2146 etiem
751 2097 810 2172 per
839 2072 876 2145 S.
911 2073 952 2144 P.
994 2074 1172 2172 Apostolici
1201 2079 1322 2172 megis-

242 2186 335 2240 trum
366 2171 532 2242 interdum
563 2174 654 2268 provi
681 2171 758 2241 libri
785 2169 1038 2244 damnabuntur.
1071 2173 1124 2244 Ab
1152 2172 1202 2244 hir
1233 2199 1321 2270 quo·

243 2293 309 2364 que
355 2269 660 2364 congregationibus
705 2270 879 2340 vetitorum
929 2268 1027 2342 lectio
1075 2269 1235 2342 librorum
1286 2273 1323 2342 iis

247 2366 450 2460 permittitur
487 2365 557 2462 (2),
600 2368 657 2462 qui
695 2364 778 2436 nihil
818 2391 857 2436 ex
906 2392 944 2436 es
977 2365 1168 2438 detrimenti
1209 2393 1324 2464 cepere

246 2478 393 2556 possunt.
431 2462 665 2560 lmprobentur
689 2480 801 2534 nutem
838 2463 935 2552 libri,
968 2479 1183 2562 postquums
1220 2465 1324 2538 doctis

247 2561 1324 2730 iiimweiliimiilimiiisiiiiiliiimirow”iim”ilii

248 2758 300 2851 qni
367 2754 422 2825 lus
464 2753 637 2849 religioni,
672 2685 806 2828 boirisve
836 2753 983 2826 moribus
1008 2712 1241 2845 adversentur,
1272 2771 1325 2827 et»

246 2878 307 2949 que
340 2781 465 2924 &rum
492 2854 594 2947 magis
629 2851 782 2947 fugiende
815 2852 914 2923 lectio
949 2868 1017 2939 est3
1050 2853 1102 2923 elii
1135 2868 1235 2943 sunt,
1267 2856 1325 2948 qui

246 2952 287 3019 ite
316 2965 448 3021 scatent
477 2948 662 3037 erroribus,
685 2965 724 3020 ut
763 2974 833 3020 non
867 2947 968 3021 modo
994 2948 1077 3045 legi,
1101 2948 1157 3019 sed
1186 2976 1229 3019 ne
1252 2974 1326 3018 ces-

247 3048 335 3141 tignri
371 3046 513 3143 quidem
547 3048 674 3143 possint
706 3060 740 3117 et
772 3046 848 3136 olii,
890 3070 1032 3142 quorum
1063 3062 1111 3117 est
1143 3044 1325 3141 improbate

188 3153 191 3156 ’
249 3142 353 3235 lectio,
391 3144 496 3216 donec
522 3147 730 3240 corrigentur
756 3144 826 3240 (ὅ)

282 3316 323 3397 (l)
341 3316 468 3379 Primus
489 3316 596 3377 Paulus
614 3318 655 3378 lv
679 3318 744 3378 Sec.
769 3314 974 3393 inquisitionis
996 3311 1214 3394 congregationi
1241 3330 1326 3395 nego

246 3397 317 3459 tium
337 3397 508 3472 commisit,
535 3405 571 3457 ut
593 3395 753 3459 vetitorum
781 3396 929 3457 librorum
956 3394 1084 3457 indicem
1110 3392 1325 3457 confidendum

245 3489 368 3541 cureret.
392 3480 437 3541 lie
454 3478 582 3555 perfeeto
599 3476 698 3539 edbuc
713 3476 880 3541 Tridentini
897 3481 997 3539 Patres
1011 3494 1043 3537 ee
1060 3476 1096 3539 de
1112 3496 1145 3537 re
1158 3478 1189 3537 in
1203 3478 1326 3539 concilio

247 3560 394 3641 egendum
418 3567 577 3638 putarunt,
594 3577 662 3619 cum
682 3559 803 3620 invente
814 3566 878 3620 erte
895 3557 1106 3639 typographico
1120 3558 1203 3619 ieeile
1217 3558 1327 3637 ubique

250 3642 474 3723 divulgarentur
492 3640 699 3703 hereticorum
715 3640 802 3717 libri,
822 3641 874 3719 qni
888 3658 927 3701 ne
942 3640 979 3701 ed
994 3638 1126 3701 fidelium
1142 3658 1246 3701 monus
1261 3656 1327 3719 per-

250 3724 399 3799 uenirent,
420 3722 645 3802 diligentissime
668 3722 831 3784 cevendum
849 3729 924 3783 eret.
946 3720 1006 3784 Sed
1025 3740 1064 3783 ne
1086 3721 1200 3783 concilii
1226 3724 1326 3782 Patres

250 3820 300 3865 sus
320 3804 497 3869 euetoritete
515 3822 590 3882 opus
607 3804 804 3881 susciperent,
819 3803 899 3882 quod
919 3802 980 3882 jem
999 3800 1082 3865 sedes
1096 3802 1260 3881 Apostolies
1273 3800 1327 3861 eb·

251 3886 424 3949 solvendum
440 3892 609 3955 curaverat,
625 3886 790 3963 impretetm
806 3894 876 3947 suot
890 3885 1024 3947 litteren
1038 3902 1153 3947 summo
1167 3879 1324 3953 Pontiliee,

250 3968 299 4044 qui
317 3986 367 4028 eos
386 3968 427 4029 ed
444 3966 592 4046 hocopus
610 3966 789 4027 hortaretur.
810 3970 854 4029 Re
870 3966 992 4046 quesite
1009 3972 1039 4027 et
1057 3982 1181 4059 expense
1204 3960 1326 4052 diligen·

250 4046 900 4211 ltitt¹0t¹tf'tt‚⁰tzlttl⁸.¹lllltttt
919 4041 1179 4205 irritetis
1192 4038 1326 4199 lolii

252 4209 375 4290 elegerat
397 4210 547 4273 absolutus
562 4220 605 4273 est
627 4211 732 4283 index,
755 4211 920 4286 missusque
931 4206 969 4268 ed
984 4208 1068 4267 Pium
1084 4207 1121 4266 Ν
1137 4200 1324 4275 Pontificem,
