3575 5625
875 577 1128 676 .-598-

465 743 602 827 propter
640 729 1031 817 excommunicationem,
1075 753 1140 824 qua
1179 729 1359 823 generatim
1400 727 1550 798 haeretici

465 844 500 898 et
532 827 728 898 schismatici
759 824 959 921 obligantur.
1004 825 1119 922 ltaque
1161 851 1237 896 cum
1270 825 1319 896 his
1357 823 1551 896 hominibus

465 941 559 996 caute
585 939 620 994 et
652 924 853 1022 prudenter,
886 939 1056 1020 tamquam
1097 950 1173 995 cum
1207 922 1322 1014 malis,
1357 949 1454 1017 agere
1483 922 1550 993 de-

463 1022 598 1110 bemus,
634 1047 796 1094 memores
829 1024 1001 1110 omnium,
1034 1046 1111 1117 quae
1139 1021 1182 1092 de
1215 1022 1309 1092 vetita
1346 1046 1461 1093 eorum
1492 1037 1550 1092 to-

462 1119 599 1191 lerantia
631 1123 752 1191 sancita
787 1135 886 1200 sunt3
923 1123 957 1190 c't
1000 1123 1026 1190 ri
1064 1121 1136 1216 quia
1168 1119 1211 1191 ob
1241 1121 1365 1217 justam
1400 1117 1546 1214 aliquam

463 1243 591 1288 causam
629 1244 705 1289 cum
736 1219 773 1288 iis
805 1241 970 1288 sermones
1009 1217 1167 1306 conferam
1201 1233 1257 1286 aut
1296 1221 1396 1288 etiam
1428 1240 1547 1286 eorum

463 1313 587 1412 templa
616 1318 760 1387 curiosus
788 1313 1013 1409 ingrediatur,
1040 1317 1176 1386 minime
1201 1314 1316 1386 incidit
1347 1316 1380 1384 in
1411 1337 1547 1384 excom-

464 1415 718 1484 municationem
750 1438 827 1509 quae
865 1411 1021 1484 adversus
1053 1438 1128 1502 eos,
1163 1414 1220 1510 qui
1247 1438 1322 1482 cunr
1352 1437 1547 1482 excommu-

462 1514 570 1582 nicato
599 1510 733 1583 vitando
762 1511 1028 1601 communicant,
1061 1526 1111 1582 cst
1138 1513 1325 1583 constituto.

502 1624 545 1705 (Ι)
567 1627 643 1686 Sunt
666 1625 718 1703 qui
741 1625 981 1686 constitutionem
1008 1626 1126 1688 Martini
1153 1628 1181 1686 V
1204 1625 1242 1686 nd
1272 1623 1425 1684 hereticos
1454 1631 1545 1700 atque

464 1705 664 1768 schismaticos
683 1707 832 1786 pertinere
850 1705 1037 1784 inficiantur,
1060 1715 1090 1768 et
1105 1714 1175 1768 sunt
1189 1707 1240 1786 qui
1255 1706 1325 1766 huic
1338 1704 1546 1765 constitutioni

462 1787 636 1869 derogatum
657 1796 795 1866 putante
819 1789 943 1850 concilio
957 1790 1186 1852 heteroncnsiV
1210 1805 1282 1850 seca.
1310 1789 1345 1848 tt
1373 1785 1402 1867 §-
1425 1783 1546 1848 scotot-

460 1887 544 1946 muc,
583 1889 600 1930 a
627 1887 687 1948 quo
714 1869 921 1931 confirmatum
946 1871 1062 1946 estid,
1089 1868 1169 1949 quod
1196 1868 1310 1950 pridem
1337 1885 1354 1928 n
1383 1866 1545 1928 Basileensi

461 1951 575 2030 synodo
589 1969 662 2012 aeae.
675 1953 717 2011 20
730 1949 756 2032 S.
774 1953 949 2013 ssmncitum
965 1954 1070 2013 iuerat.
1081 1955 1135 2028 lta,
1152 1959 1260 2030 praeter
1271 1957 1393 2025 ceteros,
1407 1949 1544 2010 sentiunt

461 2029 713 2094 socnsintdtsr.
731 2035 770 2094 25
835 2037 932 2095 ortt
958 2041 1018 2095 ort.
1045 2036 1165 2112 tet33
1188 2028 1542 2094 columniantium.

461 2115 551 2175 Pont.
568 2111 620 2175 to.
642 2116 661 2174 ἣ
682 2134 747 2196 cop.
767 2053 849 2176 58⁰.
870 2117 974 2200 Neque
990 2111 1069 2177 uolet
1085 2133 1154 2197 opp.
1175 2123 1247 2176 tom.
1271 2117 1285 2175 t
1305 2132 1377 2196 paq.
1406 2114 1468 2172 tte
1493 2108 1542 2172 ed.

465 2196 566 2258 Venet.
592 2197 931 2273 17213anrecremcu
956 2215 1036 2260 cum.
1062 2193 1159 2258 eccles.
1180 2203 1287 2278 potest.
1311 2192 1361 2256 tu.
1387 2195 1544 2275 toarci

460 2295 528 2357 cop.
557 2279 615 2352 203
642 2280 753 2339 Auctor
779 2278 849 2338 libri
875 2280 964 2341 truite
992 2275 1188 2362 theoloqique,
1217 2277 1256 2338 ori
1283 2274 1345 2338 l'on
1371 2273 1541 2352 temnere,

461 2375 519 2440 que
533 2356 575 2418 tea
588 2355 691 2440 fidtlea
707 2377 745 2418 ne
760 2369 890 2440 peccem
908 2361 1135 2444 communiquer
1149 2377 1186 2421 eu
1208 2359 1333 2420 motitre
1355 2355 1392 2418 de
1413 2353 1544 2438 reliqum

462 2457 532 2499 oceo
557 2435 600 2500 leo
623 2439 756 2500 ennemio
778 2437 910 2503 declaret
932 2439 968 2502 da
993 2439 1024 2503 lo
1043 2445 1082 2503 B.
1114 2439 1304 2523 Uniyeuituc3
1331 2443 1486 2520 raguenus
1510 2437 1545 2498 in

460 2539 529 2601 cap.
560 2521 575 2580 i
599 2539 686 2581 cum.
710 2521 749 2580 55
769 2518 806 2581 de
826 2519 980 2584 emmone.
1006 2523 1065 2585 Sed
1089 2525 1207 2586 Martini
1230 2522 1381 2583 decretum
1406 2520 1543 2598 loquitur

460 2603 599 2662 universe
618 2601 657 2660 de
683 2601 821 2662 omnihus
842 2605 1102 2665 excommunicatis
1125 2603 1339 2687 cujuscumque
1369 2600 1541 2678 uertentem,

463 2691 519 2744 out
540 2701 674 2745 cercuro
695 2680 915 2764 ecclesiastice,
939 2683 977 2746 oh
996 2683 1130 2762 homine,
1152 2683 1199 2747 uel
1219 2703 1240 2746 o
1255 2685 1342 2768 jure,
1369 2703 1403 2745 nc
1424 2689 1543 2744 tantum

463 2765 570 2844 excipit
594 2766 769 2827 nominatim
798 2766 879 2840 illos,
908 2769 940 2829 in
963 2785 1035 2847 quos
1058 2769 1203 2830 sententio
1230 2765 1544 2829 excommunicationis

463 2868 483 2907 a
494 2845 598 2930 judice
618 2845 786 2929 publicato,
811 2848 859 2910 cel
884 2847 1065 2911 denuntiato
1085 2847 1252 2932 specialiter
1271 2858 1300 2911 et
1313 2866 1458 2930 expresse
1481 2856 1545 2924 eet,

463 2930 574 3007 quique
594 2931 690 3009 palam
708 2932 740 2991 in
759 2931 899 2992 clericum
923 2933 1076 3012 sacrilegos
1096 2950 1199 2993 manus
1221 2932 1395 3011 injecerunt.
1422 2934 1501 3010 Ergo
1520 2932 1547 2991 ci

463 3020 580 3072 tontum
591 3013 664 3073 certi
678 3014 921 3075 excommunicati
943 3022 1011 3074 sunt
1025 3015 1155 3093 excepti,
1178 3032 1238 3074 non
1261 3014 1351 3074 ceteri
1369 3010 1549 3073 cu‘rtscum-

463 3112 521 3177 que
539 3095 706 3171 cententio,
728 3103 784 3157 cut
799 3113 932 3158 cercuro·
945 3092 1147 3158 eeclesiastico
1158 3093 1195 3157 ab
1210 3092 1341 3170 homine,
1364 3032 1418 3155 oei
1425 3113 1446 3153 o
1452 3093 1544 3175 jure,

464 3175 572 3252 quibus
590 3178 689 3238 verbis
704 3178 792 3236 etiarn
807 3176 960 3239 hereticos
974 3186 1004 3237 et
1019 3177 1217 3239 schismaticos
1230 3175 1442 3255 comprehendi
1456 3194 1547 3238 nemo

464 3256 659 3335 inficiabitur,
678 3258 866 3320 manifestum
884 3268 947 3335 est,
964 3276 1014 3320 eos
1035 3260 1139 3335 etiam,
1164 3278 1233 3319 cum
1255 3259 1406 3337 speciatim
1428 3276 1549 3319 excom·
1670 3264 1671 3276 ¹

464 3338 605 3397 municati
623 3358 682 3398 non
702 3347 786 3416 sunt,
808 3339 846 3399 ad
869 3342 987 3401 Martini
1011 3341 1161 3402 decretum
1187 3340 1345 3419 pertinere.
1363 3339 1449 3401 Adde
1464 3341 1549 3419 quod

465 3434 574 3478 novum
591 3418 665 3478 ittud
685 3419 734 3497 jus
756 3439 772 3480 a
792 3421 918 3481 Martino
942 3425 969 3483 V
990 3424 1181 3483 coustitutum
1196 3428 1256 3499 est,
1281 3430 1315 3483 ut
1341 3421 1550 3483 devincentur

464 3496 611 3575 scandala,
626 3518 692 3577 quoe
705 3500 877 3560 oriebantur
890 3520 927 3560 ex
941 3504 1087 3564 consortio
1103 3504 1309 3564 hereticorum
1323 3511 1354 3563 et
1376 3502 1550 3565 schismati-

465 3596 582 3654 corum,
613 3598 740 3657 quorum
772 3600 896 3661 magnus
924 3590 987 3643 erat
1023 3604 1180 3657 numerus,
1210 3604 1276 3646 cum
1314 3585 1549 3646 constantiensis

466 3660 595 3739 synodus
614 3660 713 3721 habito
728 3669 782 3725 eet.
806 3663 858 3725 illa
879 3672 976 3725 autem
993 3667 1163 3729 Basilecnsis
1174 3674 1204 3727 et
1217 3666 1418 3728 cotennensis
1428 3668 1548 3727 concilii
1669 3736 1670 3747 χ

466 3744 599 3817 decreta,
626 3743 774 3820 aquibus
796 3744 846 3823 jue
871 3766 888 3805 o
915 3748 1040 3809 Mortino
1066 3748 1219 3809 inductum
1242 3748 1374 3809 emedio
1393 3748 1548 3810 sublatum

465 3824 556 3885 fuisse
573 3823 705 3899 videtur,
729 3827 852 3887 minime
872 3827 1024 3889 observata
1042 3839 1143 3891 monet
1164 3830 1272 3891 Bened.
1292 3832 1361 3891 xlv
1375 3827 1414 3891 de
1431 3830 1546 3913 synod.

466 3904 579 3967 dioecea.
596 3903 648 3967 tit.
676 3907 774 3989 heap.
802 3910 920 3971 houm.
945 3912 975 3971 2.
998 3912 1105 3974 Confer
1124 3913 1211 3975 etium
1230 3912 1400 3974 suarezium
1425 3910 1462 3971 de
1498 3910 1546 3973 td.

465 3986 544 4070 disp.
572 3990 606 4048 91
636 3995 704 4049 teet.
734 3992 752 4050 3
777 4009 863 4051 uum.
899 3996 934 4067 ἒς
967 3993 1158 4054 Sanchezium
1185 3992 1221 4053 de
1243 4000 1383 4133 precesst.
1411 3988 1482 4053 decc
1537 4038 1546 4053 .

468 4068 518 4131 lib.
543 4072 648 4153 heap.
670 4071 792 4132 tuum.
814 4074 849 4149 33
874 4072 1082 4155 Pirhinghium
1097 4076 1152 4158 jus
1176 4092 1283 4135 conon.
1309 4070 1359 4133 li.
1387 4076 1405 4135 t
1429 4074 1478 4134 tit.
1505 4076 1546 4134 59

466 4161 536 4215 sect.
553 4154 572 4213 t
585 4150 612 4235 §.
639 4154 673 4233 13
696 4155 834 4217 crurium
855 4154 952 4217 instit.
981 4152 1088 4218 moral.
1112 4154 1199 4219 titt
1220 4174 1285 4239 cup.
1313 4156 1368 4233 113
1396 4154 1479 4217 cord.
1507 4156 1548 4217 dc
1668 4238 1669 4247 ἵ
