<?xml version="1.0" encoding="UTF-8"?>
<!DOCTYPE html PUBLIC "-//W3C//DTD XHTML 1.0 Transitional//EN"
    "http://www.w3.org/TR/xhtml1/DTD/xhtml1-transitional.dtd">
<html xmlns="http://www.w3.org/1999/xhtml" xml:lang="en" lang="en">
 <head>
  <title>
</title>
<meta http-equiv="Content-Type" content="text/html;charset=utf-8" />
  <meta name='ocr-system' content='tesseract 3.04.00' />
  <meta name='ocr-capabilities' content='ocr_page ocr_carea ocr_par ocr_line ocrx_word'/>
</head>
<body>
  <div class='ocr_page' id='page_1' title='image "./institutionumca01devogoog_0398.png"; bbox 0 0 3575 5625; ppageno 0'>
   <div class='ocr_carea' id='block_1_1' title="bbox 667 631 890 702">
    <p class='ocr_par' dir='ltr' id='par_1_1' title="bbox 667 631 890 702">
     <span class='ocr_line' id='line_1_1' title="bbox 667 631 890 702; baseline 0 -14"><span class='ocrx_word' id='word_1_1' title='bbox 667 631 890 702; x_wconf 77' lang='lat'>...589-</span> 
     </span>
    </p>
   </div>
   <div class='ocr_carea' id='block_1_2' title="bbox 229 778 1313 976">
    <p class='ocr_par' dir='ltr' id='par_1_2' title="bbox 229 778 1313 976">
     <span class='ocr_line' id='line_1_2' title="bbox 229 778 1312 880; baseline 0 -26"><span class='ocrx_word' id='word_1_2' title='bbox 229 781 377 854; x_wconf 76' lang='lat' dir='ltr'><strong>nonibnt</strong></span> <span class='ocrx_word' id='word_1_3' title='bbox 390 793 557 859; x_wconf 55' lang='lat' dir='ltr'><strong>:aursana</strong></span> <span class='ocrx_word' id='word_1_4' title='bbox 568 794 647 868; x_wconf 68' lang='lat' dir='ltr'><strong>apta,</strong></span> <span class='ocrx_word' id='word_1_5' title='bbox 660 808 761 870; x_wconf 71' lang='grc' dir='ltr'><strong><em>σμοσ,</em></strong></span> <span class='ocrx_word' id='word_1_6' title='bbox 773 778 837 851; x_wconf 82' lang='lat' dir='ltr'><strong>hoo</strong></span> <span class='ocrx_word' id='word_1_7' title='bbox 848 794 898 850; x_wconf 74' lang='lat' dir='ltr'><strong>est</strong></span> <span class='ocrx_word' id='word_1_8' title='bbox 907 783 1109 854; x_wconf 65' lang='lat' dir='ltr'><strong>omnimoda</strong></span> <span class='ocrx_word' id='word_1_9' title='bbox 1121 787 1312 880; x_wconf 71' lang='lat' dir='ltr'><strong>tepnrattil,</strong></span> 
     </span>
     <span class='ocr_line' id='line_1_3' title="bbox 229 874 1313 976; baseline 0.001 -28"><span class='ocrx_word' id='word_1_10' title='bbox 229 897 267 951; x_wconf 83' lang='lat' dir='ltr'><strong>et</strong></span> <span class='ocrx_word' id='word_1_11' title='bbox 299 874 514 965; x_wconf 69' lang='lat' dir='ltr'><strong>anathemis,</strong></span> <span class='ocrx_word' id='word_1_12' title='bbox 559 876 718 946; x_wconf 89' lang='lat' dir='ltr'><strong>nimirum</strong></span> <span class='ocrx_word' id='word_1_13' title='bbox 759 881 934 949; x_wconf 62' lang='lat' dir='ltr'><strong>crematio</strong></span> <span class='ocrx_word' id='word_1_14' title='bbox 979 879 1179 976; x_wconf 87' lang='lat' dir='ltr'><strong>appellatur,</strong></span> <span class='ocrx_word' id='word_1_15' title='bbox 1223 880 1313 976; x_wconf 91' lang='lat' dir='ltr'><strong>quod</strong></span> 
     </span>
    </p>
   </div>
   <div class='ocr_carea' id='block_1_3' title="bbox 230 973 1313 1463">
    <p class='ocr_par' dir='ltr' id='par_1_3' title="bbox 230 973 1313 1463">
     <span class='ocr_line' id='line_1_4' title="bbox 231 973 1313 1071; baseline 0.001 -23"><span class='ocrx_word' id='word_1_16' title='bbox 231 993 318 1048; x_wconf 87' lang='lat' dir='ltr'><strong>esset</strong></span> <span class='ocrx_word' id='word_1_17' title='bbox 353 975 494 1046; x_wconf 85' lang='lat' dir='ltr'><strong>maxima</strong></span> <span class='ocrx_word' id='word_1_18' title='bbox 527 975 708 1063; x_wconf 80' lang='lat' dir='ltr'><strong>execratio,</strong></span> <span class='ocrx_word' id='word_1_19' title='bbox 747 999 824 1071; x_wconf 82' lang='lat' dir='ltr'><strong>quae</strong></span> <span class='ocrx_word' id='word_1_20' title='bbox 853 973 1005 1046; x_wconf 76' lang='lat' dir='ltr'><strong>adversus</strong></span> <span class='ocrx_word' id='word_1_21' title='bbox 1037 975 1184 1047; x_wconf 88' lang='lat' dir='ltr'><strong>homines</strong></span> <span class='ocrx_word' id='word_1_22' title='bbox 1218 1003 1313 1049; x_wconf 87' lang='lat' dir='ltr'><strong>com·</strong></span> 
     </span>
     <span class='ocr_line' id='line_1_5' title="bbox 231 1069 1313 1172; baseline -0.001 -27"><span class='ocrx_word' id='word_1_23' title='bbox 231 1078 314 1172; x_wconf 90' lang='lat' dir='ltr'><strong>poni</strong></span> <span class='ocrx_word' id='word_1_24' title='bbox 348 1086 490 1171; x_wconf 89' lang='lat' dir='ltr'><strong>poterat.</strong></span> <span class='ocrx_word' id='word_1_25' title='bbox 523 1069 591 1155; x_wconf 80' lang='lat' dir='ltr'><strong>Qui</strong></span> <span class='ocrx_word' id='word_1_26' title='bbox 621 1073 666 1142; x_wconf 91' lang='lat' dir='ltr'><strong>ita</strong></span> <span class='ocrx_word' id='word_1_27' title='bbox 692 1087 787 1142; x_wconf 88' lang='lat' dir='ltr'><strong>erant</strong></span> <span class='ocrx_word' id='word_1_28' title='bbox 816 1075 976 1162; x_wconf 84' lang='lat' dir='ltr'><strong>execrati,</strong></span> <span class='ocrx_word' id='word_1_29' title='bbox 1016 1072 1058 1142; x_wconf 90' lang='lat' dir='ltr'><strong>ah</strong></span> <span class='ocrx_word' id='word_1_30' title='bbox 1090 1071 1220 1145; x_wconf 86' lang='lat' dir='ltr'><strong>ecclesia</strong></span> <span class='ocrx_word' id='word_1_31' title='bbox 1251 1101 1313 1170; x_wconf 85' lang='lat' dir='ltr'><strong>pc-</strong></span> 
     </span>
     <span class='ocr_line' id='line_1_6' title="bbox 230 1169 1311 1269; baseline -0.002 -25"><span class='ocrx_word' id='word_1_32' title='bbox 230 1175 324 1244; x_wconf 85' lang='lat' dir='ltr'><strong>nitus</strong></span> <span class='ocrx_word' id='word_1_33' title='bbox 353 1169 588 1269; x_wconf 72' lang='lat' dir='ltr'>ejiciebantur,</span> <span class='ocrx_word' id='word_1_34' title='bbox 618 1195 657 1240; x_wconf 88' lang='lat' dir='ltr'><strong>ac</strong></span> <span class='ocrx_word' id='word_1_35' title='bbox 687 1193 758 1240; x_wconf 88' lang='lat' dir='ltr'><strong>non</strong></span> <span class='ocrx_word' id='word_1_36' title='bbox 793 1169 901 1242; x_wconf 91' lang='lat' dir='ltr'><strong>solum</strong></span> <span class='ocrx_word' id='word_1_37' title='bbox 930 1169 972 1240; x_wconf 82' lang='lat' dir='ltr'><strong>eb</strong></span> <span class='ocrx_word' id='word_1_38' title='bbox 1004 1169 1226 1260; x_wconf 87' lang='lat' dir='ltr'><strong>Eucharistia,</strong></span> <span class='ocrx_word' id='word_1_39' title='bbox 1255 1172 1311 1242; x_wconf 89' lang='lat' dir='ltr'><strong>sed</strong></span> 
     </span>
     <span class='ocr_line' id='line_1_7' title="bbox 231 1265 1313 1365; baseline -0.002 -25"><span class='ocrx_word' id='word_1_40' title='bbox 231 1273 333 1341; x_wconf 84' lang='lat' dir='ltr'><strong>ctiam</strong></span> <span class='ocrx_word' id='word_1_41' title='bbox 364 1295 384 1338; x_wconf 92' lang='lat' dir='ltr'><strong>a</strong></span> <span class='ocrx_word' id='word_1_42' title='bbox 417 1265 569 1338; x_wconf 86' lang='lat' dir='ltr'><strong>fidelium</strong></span> <span class='ocrx_word' id='word_1_43' title='bbox 600 1265 753 1362; x_wconf 87' lang='lat' dir='ltr'><strong>precihus</strong></span> <span class='ocrx_word' id='word_1_44' title='bbox 788 1282 888 1364; x_wconf 89' lang='lat' dir='ltr'><strong>atque</strong></span> <span class='ocrx_word' id='word_1_45' title='bbox 929 1267 971 1338; x_wconf 89' lang='lat' dir='ltr'><strong>ab</strong></span> <span class='ocrx_word' id='word_1_46' title='bbox 1003 1265 1173 1340; x_wconf 88' lang='lat' dir='ltr'><strong>audiendis</strong></span> <span class='ocrx_word' id='word_1_47' title='bbox 1208 1271 1313 1365; x_wconf 87' lang='lat' dir='ltr'><strong>scrip-</strong></span> 
     </span>
     <span class='ocr_line' id='line_1_8' title="bbox 233 1363 1164 1463; baseline -0.001 -27"><span class='ocrx_word' id='word_1_48' title='bbox 233 1369 317 1438; x_wconf 82' lang='lat' dir='ltr'>turis</span> <span class='ocrx_word' id='word_1_49' title='bbox 336 1370 372 1437; x_wconf 91' lang='lat' dir='ltr'><strong>iu</strong></span> <span class='ocrx_word' id='word_1_50' title='bbox 395 1365 608 1452; x_wconf 82' lang='lat' dir='ltr'><strong>ecclesiastico</strong></span> <span class='ocrx_word' id='word_1_51' title='bbox 630 1378 794 1435; x_wconf 75' lang='lat' dir='ltr'><strong>conventu</strong></span> <span class='ocrx_word' id='word_1_52' title='bbox 816 1363 1075 1438; x_wconf 76' lang='lat' dir='ltr'><strong>excludebantur</strong></span> <span class='ocrx_word' id='word_1_53' title='bbox 1097 1365 1164 1463; x_wconf 83' lang='lat' dir='ltr'><strong>(l).</strong></span> 
     </span>
    </p>
   </div>
   <div class='ocr_carea' id='block_1_4' title="bbox 234 1561 1342 2381">
    <p class='ocr_par' dir='ltr' id='par_1_4' title="bbox 234 1561 1342 2381">
     <span class='ocr_line' id='line_1_9' title="bbox 275 1561 1309 1644; baseline -0.003 -19"><span class='ocrx_word' id='word_1_54' title='bbox 275 1561 318 1644; x_wconf 81' lang='grc'><strong>(1)</strong></span> <span class='ocrx_word' id='word_1_55' title='bbox 338 1562 506 1624; x_wconf 66' lang='lat' dir='ltr'><strong>formulam</strong></span> <span class='ocrx_word' id='word_1_56' title='bbox 539 1561 628 1623; x_wconf 90' lang='lat' dir='ltr'><strong>hu&#39;us</strong></span> <span class='ocrx_word' id='word_1_57' title='bbox 657 1561 966 1623; x_wconf 83' lang='lat' dir='ltr'><strong>excommunicationis</strong></span> <span class='ocrx_word' id='word_1_58' title='bbox 1003 1561 1145 1623; x_wconf 75' lang='lat' dir='ltr'><strong>describit</strong></span> <span class='ocrx_word' id='word_1_59' title='bbox 1169 1563 1309 1643; x_wconf 83' lang='lat' dir='ltr'>synesius</span> 
     </span>
     <span class='ocr_line' id='line_1_10' title="bbox 234 1583 1314 1740; baseline 0 -34"><span class='ocrx_word' id='word_1_60' title='bbox 234 1665 283 1728; x_wconf 85' lang='lat' dir='ltr'><strong>ep.</strong></span> <span class='ocrx_word' id='word_1_61' title='bbox 307 1647 347 1707; x_wconf 75' lang='lat'><strong>58</strong></span> <span class='ocrx_word' id='word_1_62' title='bbox 364 1663 437 1740; x_wconf 70' lang='lat' dir='ltr'><strong>pap.</strong></span> <span class='ocrx_word' id='word_1_63' title='bbox 464 1645 520 1706; x_wconf 80' lang='grc'><strong>201</strong></span> <span class='ocrx_word' id='word_1_64' title='bbox 552 1583 624 1706; x_wconf 66' lang='lat' dir='ltr'><strong>stin.</strong></span> <span class='ocrx_word' id='word_1_65' title='bbox 651 1641 752 1706; x_wconf 67' lang='lat' dir='ltr'><strong>Porri.</strong></span> <span class='ocrx_word' id='word_1_66' title='bbox 776 1644 869 1705; x_wconf 76' lang='grc'><strong>1655.</strong></span> <span class='ocrx_word' id='word_1_67' title='bbox 892 1643 978 1706; x_wconf 82' lang='lat' dir='ltr'>Unde</span> <span class='ocrx_word' id='word_1_68' title='bbox 995 1644 1203 1724; x_wconf 76' lang='lat' dir='ltr'><strong>intelligimus,</strong></span> <span class='ocrx_word' id='word_1_69' title='bbox 1231 1645 1314 1722; x_wconf 88' lang='lat' dir='ltr'><strong>quod</strong></span> 
     </span>
     <span class='ocr_line' id='line_1_11' title="bbox 235 1725 1314 1804; baseline -0.003 -15"><span class='ocrx_word' id='word_1_70' title='bbox 235 1745 303 1789; x_wconf 79' lang='lat' dir='ltr'><strong>ctam</strong></span> <span class='ocrx_word' id='word_1_71' title='bbox 332 1727 364 1788; x_wconf 92' lang='lat' dir='ltr'><strong>in</strong></span> <span class='ocrx_word' id='word_1_72' title='bbox 385 1727 514 1804; x_wconf 82' lang='lat' dir='ltr'><strong>aliquem</strong></span> <span class='ocrx_word' id='word_1_73' title='bbox 530 1725 589 1786; x_wconf 90' lang='lat' dir='ltr'><strong>lata</strong></span> <span class='ocrx_word' id='word_1_74' title='bbox 607 1732 672 1785; x_wconf 90' lang='lat' dir='ltr'><strong>erat</strong></span> <span class='ocrx_word' id='word_1_75' title='bbox 696 1725 828 1786; x_wconf 85' lang='lat' dir='ltr'><strong>mortalis</strong></span> <span class='ocrx_word' id='word_1_76' title='bbox 851 1725 1128 1801; x_wconf 82' lang='lat' dir='ltr'><strong>excommunicatio,</strong></span> <span class='ocrx_word' id='word_1_77' title='bbox 1146 1725 1250 1787; x_wconf 81' lang='lat' dir='ltr'><strong>riciuoe</strong></span> <span class='ocrx_word' id='word_1_78' title='bbox 1270 1745 1314 1786; x_wconf 91' lang='lat' dir='ltr'><strong>ec·</strong></span> 
     </span>
     <span class='ocr_line' id='line_1_12' title="bbox 235 1807 1315 1886; baseline -0.002 -16"><span class='ocrx_word' id='word_1_79' title='bbox 235 1809 346 1883; x_wconf 73' lang='lat' dir='ltr'><strong>alesin,</strong></span> <span class='ocrx_word' id='word_1_80' title='bbox 365 1816 395 1870; x_wconf 90' lang='lat' dir='ltr'><strong>et</strong></span> <span class='ocrx_word' id='word_1_81' title='bbox 417 1807 568 1868; x_wconf 88' lang='lat' dir='ltr'><strong>interdum</strong></span> <span class='ocrx_word' id='word_1_82' title='bbox 582 1807 671 1868; x_wconf 92' lang='lat' dir='ltr'><strong>etiam</strong></span> <span class='ocrx_word' id='word_1_83' title='bbox 681 1823 784 1868; x_wconf 88' lang='lat' dir='ltr'><strong>omnes</strong></span> <span class='ocrx_word' id='word_1_84' title='bbox 798 1824 851 1886; x_wconf 92' lang='lat' dir='ltr'><strong>per</strong></span> <span class='ocrx_word' id='word_1_85' title='bbox 870 1813 966 1868; x_wconf 90' lang='lat' dir='ltr'><strong>totum</strong></span> <span class='ocrx_word' id='word_1_86' title='bbox 981 1807 1084 1868; x_wconf 88' lang='lat' dir='ltr'><strong>orbem</strong></span> <span class='ocrx_word' id='word_1_87' title='bbox 1099 1807 1227 1869; x_wconf 79' lang='lat' dir='ltr'><strong>ecclesiae</strong></span> <span class='ocrx_word' id='word_1_88' title='bbox 1252 1807 1315 1886; x_wconf 89' lang='lat' dir='ltr'><strong>ejus</strong></span> 
     </span>
     <span class='ocr_line' id='line_1_13' title="bbox 234 1887 1312 1968; baseline -0.004 -16"><span class='ocrx_word' id='word_1_89' title='bbox 234 1891 278 1952; x_wconf 92' lang='lat' dir='ltr'><strong>rei</strong></span> <span class='ocrx_word' id='word_1_90' title='bbox 300 1891 439 1952; x_wconf 79' lang='lat' dir='ltr'><strong>certiores</strong></span> <span class='ocrx_word' id='word_1_91' title='bbox 461 1887 572 1950; x_wconf 85' lang='lat' dir='ltr'><strong>fiebant</strong></span> <span class='ocrx_word' id='word_1_92' title='bbox 593 1887 786 1968; x_wconf 85' lang='lat' dir='ltr'><strong>perlitteras,</strong></span> <span class='ocrx_word' id='word_1_93' title='bbox 808 1895 842 1948; x_wconf 93' lang='lat' dir='ltr'><strong>ut</strong></span> <span class='ocrx_word' id='word_1_94' title='bbox 863 1906 965 1950; x_wconf 90' lang='lat' dir='ltr'><strong>omues</strong></span> <span class='ocrx_word' id='word_1_95' title='bbox 985 1889 1017 1950; x_wconf 91' lang='lat' dir='ltr'><strong>id</strong></span> <span class='ocrx_word' id='word_1_96' title='bbox 1031 1897 1128 1950; x_wconf 91' lang='lat' dir='ltr'><strong>ratum</strong></span> <span class='ocrx_word' id='word_1_97' title='bbox 1150 1888 1312 1964; x_wconf 88' lang='lat' dir='ltr'><strong>haberent,</strong></span> 
     </span>
     <span class='ocr_line' id='line_1_14' title="bbox 235 1970 1315 2050; baseline -0.003 -17"><span class='ocrx_word' id='word_1_98' title='bbox 235 1981 266 2033; x_wconf 90' lang='lat' dir='ltr'><strong>et</strong></span> <span class='ocrx_word' id='word_1_99' title='bbox 285 1971 570 2034; x_wconf 83' lang='lat' dir='ltr'><strong>excommunicatum</strong></span> <span class='ocrx_word' id='word_1_100' title='bbox 586 1972 624 2031; x_wconf 89' lang='lat' dir='ltr'><strong>ab</strong></span> <span class='ocrx_word' id='word_1_101' title='bbox 646 1970 728 2031; x_wconf 91' lang='lat' dir='ltr'><strong>omni</strong></span> <span class='ocrx_word' id='word_1_102' title='bbox 749 1971 956 2031; x_wconf 90' lang='lat' dir='ltr'><strong>commuuione</strong></span> <span class='ocrx_word' id='word_1_103' title='bbox 976 1970 1152 2050; x_wconf 75' lang='lat' dir='ltr'><strong>repellerent</strong></span> <span class='ocrx_word' id='word_1_104' title='bbox 1179 1979 1209 2032; x_wconf 90' lang='lat' dir='ltr'><strong>ct</strong></span> <span class='ocrx_word' id='word_1_105' title='bbox 1231 1989 1315 2031; x_wconf 84' lang='lat' dir='ltr'><strong>exse-</strong></span> 
     </span>
     <span class='ocr_line' id='line_1_15' title="bbox 237 2051 1316 2132; baseline -0.003 -17"><span class='ocrx_word' id='word_1_106' title='bbox 237 2062 353 2116; x_wconf 83' lang='lat' dir='ltr'><strong>cratum</strong></span> <span class='ocrx_word' id='word_1_107' title='bbox 370 2053 528 2131; x_wconf 88' lang='lat' dir='ltr'><strong>haberent,</strong></span> <span class='ocrx_word' id='word_1_108' title='bbox 553 2053 693 2130; x_wconf 86' lang='lat' dir='ltr'><strong>omnique</strong></span> <span class='ocrx_word' id='word_1_109' title='bbox 711 2051 794 2112; x_wconf 84' lang='lat' dir='ltr'><strong>aditu</strong></span> <span class='ocrx_word' id='word_1_110' title='bbox 812 2059 843 2112; x_wconf 93' lang='lat' dir='ltr'><strong>et</strong></span> <span class='ocrx_word' id='word_1_111' title='bbox 867 2069 1005 2114; x_wconf 67' lang='lat' dir='ltr'><strong>ammone</strong></span> <span class='ocrx_word' id='word_1_112' title='bbox 1022 2051 1227 2132; x_wconf 77' lang='lat' dir='ltr'><strong>prohiberent.</strong></span> <span class='ocrx_word' id='word_1_113' title='bbox 1244 2055 1316 2128; x_wconf 77' lang='lat' dir='ltr'><strong>Qun·</strong></span> 
     </span>
     <span class='ocr_line' id='line_1_16' title="bbox 238 2131 1342 2213; baseline -0.004 -17"><span class='ocrx_word' id='word_1_114' title='bbox 238 2137 355 2212; x_wconf 88' lang='lat' dir='ltr'><strong>omnia,</strong></span> <span class='ocrx_word' id='word_1_115' title='bbox 377 2135 512 2213; x_wconf 82' lang='lat' dir='ltr'><strong>plor-ihus</strong></span> <span class='ocrx_word' id='word_1_116' title='bbox 535 2151 572 2194; x_wconf 87' lang='lat' dir='ltr'><strong>ex</strong></span> <span class='ocrx_word' id='word_1_117' title='bbox 593 2133 769 2212; x_wconf 73' lang='lat' dir='ltr'><strong>antiquitate</strong></span> <span class='ocrx_word' id='word_1_118' title='bbox 789 2133 918 2194; x_wconf 88' lang='lat' dir='ltr'><strong>collectis</strong></span> <span class='ocrx_word' id='word_1_119' title='bbox 935 2134 1149 2209; x_wconf 88' lang='lat' dir='ltr'><strong>monumentis,</strong></span> <span class='ocrx_word' id='word_1_120' title='bbox 1175 2134 1241 2195; x_wconf 89' lang='lat' dir='ltr'><strong>lose</strong></span> <span class='ocrx_word' id='word_1_121' title='bbox 1265 2131 1342 2194; x_wconf 89' lang='lat' dir='ltr'><strong>de-&#39;</strong></span> 
     </span>
     <span class='ocr_line' id='line_1_17' title="bbox 239 2211 1317 2298; baseline -0.003 -20"><span class='ocrx_word' id='word_1_122' title='bbox 239 2215 534 2298; x_wconf 76' lang='lat' dir='ltr'><strong>scribitltinghamus</strong></span> <span class='ocrx_word' id='word_1_123' title='bbox 549 2214 625 2298; x_wconf 68' lang='lat' dir='ltr'><strong>orio.</strong></span> <span class='ocrx_word' id='word_1_124' title='bbox 643 2211 745 2277; x_wconf 85' lang='lat' dir='ltr'><strong>eccles.</strong></span> <span class='ocrx_word' id='word_1_125' title='bbox 765 2212 815 2276; x_wconf 80' lang='lat' dir='ltr'><strong>hh.</strong></span> <span class='ocrx_word' id='word_1_126' title='bbox 834 2217 872 2276; x_wconf 90' lang='grc'><strong>16</strong></span> <span class='ocrx_word' id='word_1_127' title='bbox 885 2232 954 2296; x_wconf 84' lang='lat' dir='ltr'><strong>cop.</strong></span> <span class='ocrx_word' id='word_1_128' title='bbox 972 2215 992 2276; x_wconf 73' lang='lat'><strong>2</strong></span> <span class='ocrx_word' id='word_1_129' title='bbox 1008 2213 1035 2297; x_wconf 73' lang='lat' dir='ltr'><strong>S.</strong></span> <span class='ocrx_word' id='word_1_130' title='bbox 1051 2217 1070 2275; x_wconf 86' lang='lat'>8</span> <span class='ocrx_word' id='word_1_131' title='bbox 1085 2223 1113 2276; x_wconf 88' lang='lat' dir='ltr'><strong>et</strong></span> <span class='ocrx_word' id='word_1_132' title='bbox 1130 2233 1193 2298; x_wconf 83' lang='lat' dir='ltr'><strong>seq.</strong></span> <span class='ocrx_word' id='word_1_133' title='bbox 1209 2223 1279 2276; x_wconf 69' lang='lat' dir='ltr'><strong>tona</strong></span> <span class='ocrx_word' id='word_1_134' title='bbox 1299 2216 1317 2275; x_wconf 85' lang='lat'><strong>7</strong></span> 
     </span>
     <span class='ocr_line' id='line_1_18' title="bbox 237 2293 985 2381; baseline -0.003 -22"><span class='ocrx_word' id='word_1_135' title='bbox 237 2319 314 2381; x_wconf 74' lang='lat' dir='ltr'><strong>pop.</strong></span> <span class='ocrx_word' id='word_1_136' title='bbox 327 2301 367 2359; x_wconf 80' lang='lat' dir='ltr'><strong>st</strong></span> <span class='ocrx_word' id='word_1_137' title='bbox 377 2306 406 2359; x_wconf 86' lang='lat' dir='ltr'><strong>ct</strong></span> <span class='ocrx_word' id='word_1_138' title='bbox 418 2317 480 2380; x_wconf 80' lang='lat' dir='ltr'><strong>seq.</strong></span> <span class='ocrx_word' id='word_1_139' title='bbox 489 2294 561 2359; x_wconf 78' lang='lat' dir='ltr'><strong>edit.</strong></span> <span class='ocrx_word' id='word_1_140' title='bbox 576 2293 666 2360; x_wconf 79' lang='lat' dir='ltr'><strong>lloloe</strong></span> <span class='ocrx_word' id='word_1_141' title='bbox 679 2295 877 2379; x_wconf 73' lang='lat' dir='ltr'><strong>Mopdchorp.</strong></span> <span class='ocrx_word' id='word_1_142' title='bbox 893 2297 985 2358; x_wconf 89' lang='grc'><strong>1761.</strong></span> 
     </span>
    </p>
   </div>
   <div class='ocr_carea' id='block_1_5' title="bbox 240 2499 1388 3771">
    <p class='ocr_par' dir='ltr' id='par_1_5' title="bbox 240 2499 1388 3771">
     <span class='ocr_line' id='line_1_19' title="bbox 288 2499 1319 2603; baseline -0.001 -30"><span class='ocrx_word' id='word_1_143' title='bbox 288 2504 320 2603; x_wconf 82' lang='lat'><strong>§.</strong></span> <span class='ocrx_word' id='word_1_144' title='bbox 349 2503 423 2575; x_wconf 84' lang='lat' dir='ltr'><strong>Vll.</strong></span> <span class='ocrx_word' id='word_1_145' title='bbox 451 2502 553 2576; x_wconf 86' lang='lat' dir='ltr'><strong>Nune</strong></span> <span class='ocrx_word' id='word_1_146' title='bbox 575 2504 868 2593; x_wconf 73' lang='lat' dir='ltr'><strong>excommunicatio</strong></span> <span class='ocrx_word' id='word_1_147' title='bbox 893 2500 953 2572; x_wconf 90' lang='lat' dir='ltr'><strong>alia</strong></span> <span class='ocrx_word' id='word_1_148' title='bbox 978 2502 1095 2599; x_wconf 86' lang='lat' dir='ltr'><strong>maj0r‚</strong></span> <span class='ocrx_word' id='word_1_149' title='bbox 1123 2499 1183 2570; x_wconf 89' lang='lat' dir='ltr'><strong>alia</strong></span> <span class='ocrx_word' id='word_1_150' title='bbox 1211 2503 1319 2574; x_wconf 90' lang='lat' dir='ltr'><strong>minor</strong></span> 
     </span>
     <span class='ocr_line' id='line_1_20' title="bbox 241 2598 1321 2701; baseline -0.003 -29"><span class='ocrx_word' id='word_1_151' title='bbox 241 2599 438 2701; x_wconf 81' lang='lat' dir='ltr'><strong>appellatur.</strong></span> <span class='ocrx_word' id='word_1_152' title='bbox 467 2600 578 2672; x_wconf 83' lang='lat' dir='ltr'><strong>Minor</strong></span> <span class='ocrx_word' id='word_1_153' title='bbox 595 2601 887 2672; x_wconf 84' lang='lat' dir='ltr'><strong>excommunicatio</strong></span> <span class='ocrx_word' id='word_1_154' title='bbox 910 2616 973 2691; x_wconf 88' lang='lat' dir='ltr'><strong>est,</strong></span> <span class='ocrx_word' id='word_1_155' title='bbox 999 2624 1059 2696; x_wconf 88' lang='lat' dir='ltr'><strong>per</strong></span> <span class='ocrx_word' id='word_1_156' title='bbox 1081 2625 1179 2695; x_wconf 87' lang='lat' dir='ltr'><strong>quam</strong></span> <span class='ocrx_word' id='word_1_157' title='bbox 1206 2598 1321 2696; x_wconf 88' lang='lat' dir='ltr'><strong>aliquis</strong></span> 
     </span>
     <span class='ocr_line' id='line_1_21' title="bbox 240 2695 1322 2795; baseline -0.004 -25"><span class='ocrx_word' id='word_1_158' title='bbox 240 2727 258 2770; x_wconf 92' lang='lat' dir='ltr'><strong>a</strong></span> <span class='ocrx_word' id='word_1_159' title='bbox 287 2697 500 2795; x_wconf 83' lang='lat' dir='ltr'><strong>suscipiendis</strong></span> <span class='ocrx_word' id='word_1_160' title='bbox 523 2700 730 2769; x_wconf 83' lang='lat' dir='ltr'><strong>sacramentis</strong></span> <span class='ocrx_word' id='word_1_161' title='bbox 756 2696 1010 2793; x_wconf 86' lang='lat' dir='ltr'><strong>obtinendisque</strong></span> <span class='ocrx_word' id='word_1_162' title='bbox 1039 2695 1206 2766; x_wconf 89' lang='lat' dir='ltr'><strong>beneficiis</strong></span> <span class='ocrx_word' id='word_1_163' title='bbox 1228 2721 1322 2766; x_wconf 84' lang='lat' dir='ltr'><strong>arce·</strong></span> 
     </span>
     <span class='ocr_line' id='line_1_22' title="bbox 241 2791 1321 2895; baseline -0.007 -24"><span class='ocrx_word' id='word_1_164' title='bbox 241 2816 316 2888; x_wconf 87' lang='lat' dir='ltr'><strong>tur,</strong></span> <span class='ocrx_word' id='word_1_165' title='bbox 376 2822 515 2895; x_wconf 88' lang='lat' dir='ltr'><strong>eamque</strong></span> <span class='ocrx_word' id='word_1_166' title='bbox 561 2795 747 2885; x_wconf 85' lang='lat' dir='ltr'><strong>contrahit,</strong></span> <span class='ocrx_word' id='word_1_167' title='bbox 797 2796 856 2892; x_wconf 86' lang='lat' dir='ltr'><strong>qui</strong></span> <span class='ocrx_word' id='word_1_168' title='bbox 903 2820 978 2867; x_wconf 91' lang='lat' dir='ltr'><strong>cum</strong></span> <span class='ocrx_word' id='word_1_169' title='bbox 1029 2791 1162 2865; x_wconf 88' lang='lat' dir='ltr'><strong>homine</strong></span> <span class='ocrx_word' id='word_1_170' title='bbox 1206 2795 1321 2890; x_wconf 85' lang='lat' dir='ltr'><strong>majori</strong></span> 
     </span>
     <span class='ocr_line' id='line_1_23' title="bbox 240 2893 1388 2992; baseline -0.01 -25"><span class='ocrx_word' id='word_1_171' title='bbox 240 2896 568 2967; x_wconf 76' lang='lat' dir='ltr'><strong>excommunicationi</strong></span> <span class='ocrx_word' id='word_1_172' title='bbox 600 2893 747 2992; x_wconf 88' lang='lat' dir='ltr'><strong>subjecto</strong></span> <span class='ocrx_word' id='word_1_173' title='bbox 780 2910 871 2963; x_wconf 83' lang='lat' dir='ltr'><strong>extra</strong></span> <span class='ocrx_word' id='word_1_174' title='bbox 908 2895 1033 2965; x_wconf 73' lang='lat' dir='ltr'><strong>cumen</strong></span> <span class='ocrx_word' id='word_1_175' title='bbox 1076 2894 1320 2972; x_wconf 63' lang='lat' dir='ltr'><strong>communicats</strong></span> <span class='ocrx_word' id='word_1_176' title='bbox 1383 2918 1388 2923; x_wconf 95' lang='lat'>·</span> 
     </span>
     <span class='ocr_line' id='line_1_24' title="bbox 243 2989 1324 3089; baseline -0.007 -26"><span class='ocrx_word' id='word_1_177' title='bbox 243 3018 321 3063; x_wconf 90' lang='lat' dir='ltr'><strong>nam</strong></span> <span class='ocrx_word' id='word_1_178' title='bbox 349 2994 408 3088; x_wconf 88' lang='lat' dir='ltr'><strong>qui</strong></span> <span class='ocrx_word' id='word_1_179' title='bbox 436 2994 580 3064; x_wconf 86' lang='lat' dir='ltr'><strong>criminis</strong></span> <span class='ocrx_word' id='word_1_180' title='bbox 606 2994 728 3089; x_wconf 67' lang='lat' dir='ltr'><strong>partite</strong></span> <span class='ocrx_word' id='word_1_181' title='bbox 800 3005 850 3061; x_wconf 89' lang='lat' dir='ltr'><strong>est</strong></span> <span class='ocrx_word' id='word_1_182' title='bbox 888 3006 924 3061; x_wconf 88' lang='lat' dir='ltr'><strong>et</strong></span> <span class='ocrx_word' id='word_1_183' title='bbox 957 2991 1025 3084; x_wconf 87' lang='lat' dir='ltr'><strong>ipse</strong></span> <span class='ocrx_word' id='word_1_184' title='bbox 1055 2989 1169 3083; x_wconf 89' lang='lat' dir='ltr'><strong>majori</strong></span> <span class='ocrx_word' id='word_1_185' title='bbox 1197 3011 1324 3057; x_wconf 84' lang='lat' dir='ltr'><strong>excom·</strong></span> 
     </span>
     <span class='ocr_line' id='line_1_25' title="bbox 243 3084 1322 3187; baseline -0.01 -26"><span class='ocrx_word' id='word_1_186' title='bbox 243 3092 466 3162; x_wconf 83' lang='lat' dir='ltr'><strong>municatione</strong></span> <span class='ocrx_word' id='word_1_187' title='bbox 493 3089 680 3187; x_wconf 89' lang='lat' dir='ltr'><strong>implicatur</strong></span> <span class='ocrx_word' id='word_1_188' title='bbox 706 3090 720 3185; x_wconf 93' lang='lat'>(</span> <span class='ocrx_word' id='word_1_189' title='bbox 746 3089 775 3186; x_wconf 90' lang='lat'><strong>).</strong></span> <span class='ocrx_word' id='word_1_190' title='bbox 802 3086 909 3187; x_wconf 86' lang='lat' dir='ltr'><strong>Major</strong></span> <span class='ocrx_word' id='word_1_191' title='bbox 937 3084 1227 3157; x_wconf 85' lang='lat' dir='ltr'><strong>excommunicatio</strong></span> <span class='ocrx_word' id='word_1_192' title='bbox 1253 3099 1322 3171; x_wconf 85' lang='lat' dir='ltr'><strong>est,</strong></span> 
     </span>
     <span class='ocr_line' id='line_1_26' title="bbox 244 3183 1325 3285; baseline -0.008 -27"><span class='ocrx_word' id='word_1_193' title='bbox 244 3213 321 3285; x_wconf 85' lang='lat' dir='ltr'><strong>quae</strong></span> <span class='ocrx_word' id='word_1_194' title='bbox 344 3188 512 3259; x_wconf 90' lang='lat' dir='ltr'><strong>homiuem</strong></span> <span class='ocrx_word' id='word_1_195' title='bbox 547 3212 678 3284; x_wconf 88' lang='lat' dir='ltr'><strong>prorsus</strong></span> <span class='ocrx_word' id='word_1_196' title='bbox 691 3187 797 3285; x_wconf 86' lang='lat' dir='ltr'><strong>&#39;ejicit</strong></span> <span class='ocrx_word' id='word_1_197' title='bbox 820 3184 862 3255; x_wconf 86' lang='lat' dir='ltr'><strong>ab</strong></span> <span class='ocrx_word' id='word_1_198' title='bbox 889 3183 1021 3257; x_wconf 82' lang='lat' dir='ltr'><strong>ecclesia</strong></span> <span class='ocrx_word' id='word_1_199' title='bbox 1050 3195 1149 3279; x_wconf 87' lang='lat' dir='ltr'><strong>atque</strong></span> <span class='ocrx_word' id='word_1_200' title='bbox 1180 3207 1198 3250; x_wconf 91' lang='lat' dir='ltr'><strong>a</strong></span> <span class='ocrx_word' id='word_1_201' title='bbox 1228 3183 1325 3251; x_wconf 89' lang='lat' dir='ltr'><strong>socie·</strong></span> 
     </span>
     <span class='ocr_line' id='line_1_27' title="bbox 242 3280 1326 3357; baseline -0.007 -2"><span class='ocrx_word' id='word_1_202' title='bbox 242 3300 311 3356; x_wconf 90' lang='lat' dir='ltr'><strong>tate</strong></span> <span class='ocrx_word' id='word_1_203' title='bbox 339 3300 374 3357; x_wconf 89' lang='lat' dir='ltr'><strong>et</strong></span> <span class='ocrx_word' id='word_1_204' title='bbox 409 3286 644 3356; x_wconf 90' lang='lat' dir='ltr'><strong>communione</strong></span> <span class='ocrx_word' id='word_1_205' title='bbox 685 3282 949 3355; x_wconf 69' lang='lat' dir='ltr'><strong>christimrum.</strong></span> <span class='ocrx_word' id='word_1_206' title='bbox 993 3280 1071 3351; x_wconf 78' lang='lat' dir='ltr'><strong>llaec</strong></span> <span class='ocrx_word' id='word_1_207' title='bbox 1104 3280 1326 3350; x_wconf 81' lang='lat' dir='ltr'><strong>excommuni-</strong></span> 
     </span>
     <span class='ocr_line' id='line_1_28' title="bbox 243 3376 1325 3480; baseline -0.008 -26"><span class='ocrx_word' id='word_1_208' title='bbox 243 3384 328 3454; x_wconf 90' lang='lat' dir='ltr'><strong>catio</strong></span> <span class='ocrx_word' id='word_1_209' title='bbox 366 3385 502 3480; x_wconf 90' lang='lat' dir='ltr'><strong>proprio</strong></span> <span class='ocrx_word' id='word_1_210' title='bbox 532 3383 667 3454; x_wconf 90' lang='lat' dir='ltr'><strong>nomine</strong></span> <span class='ocrx_word' id='word_1_211' title='bbox 699 3379 872 3453; x_wconf 90' lang='lat' dir='ltr'><strong>anathema</strong></span> <span class='ocrx_word' id='word_1_212' title='bbox 915 3376 1100 3477; x_wconf 89' lang='lat' dir='ltr'><strong>appellatur</strong></span> <span class='ocrx_word' id='word_1_213' title='bbox 1130 3378 1204 3472; x_wconf 55' lang='grc' dir='ltr'><strong>(ἢ),</strong></span> <span class='ocrx_word' id='word_1_214' title='bbox 1251 3402 1325 3447; x_wconf 90' lang='lat' dir='ltr'><strong>cum</strong></span> 
     </span>
     <span class='ocr_line' id='line_1_29' title="bbox 243 3473 1327 3576; baseline -0.006 -27"><span class='ocrx_word' id='word_1_215' title='bbox 243 3483 280 3550; x_wconf 91' lang='lat' dir='ltr'><strong>in</strong></span> <span class='ocrx_word' id='word_1_216' title='bbox 322 3505 361 3551; x_wconf 88' lang='lat' dir='ltr'><strong>ca</strong></span> <span class='ocrx_word' id='word_1_217' title='bbox 403 3478 538 3550; x_wconf 82' lang='lat' dir='ltr'><strong>serenda</strong></span> <span class='ocrx_word' id='word_1_218' title='bbox 576 3478 717 3576; x_wconf 84' lang='lat' dir='ltr'><strong>puhlicae</strong></span> <span class='ocrx_word' id='word_1_219' title='bbox 752 3504 789 3549; x_wconf 91' lang='lat' dir='ltr'><strong>ac</strong></span> <span class='ocrx_word' id='word_1_220' title='bbox 826 3478 986 3549; x_wconf 86' lang='lat' dir='ltr'><strong>solemnes</strong></span> <span class='ocrx_word' id='word_1_221' title='bbox 1025 3477 1230 3548; x_wconf 84' lang='lat' dir='ltr'><strong>coeremoniae</strong></span> <span class='ocrx_word' id='word_1_222' title='bbox 1271 3473 1327 3543; x_wconf 90' lang='lat' dir='ltr'><strong>ad·</strong></span> 
     </span>
     <span class='ocr_line' id='line_1_30' title="bbox 245 3570 1327 3675; baseline -0.007 -27"><span class='ocrx_word' id='word_1_223' title='bbox 245 3576 423 3667; x_wconf 84' lang='lat' dir='ltr'><strong>hibentur,</strong></span> <span class='ocrx_word' id='word_1_224' title='bbox 453 3602 527 3675; x_wconf 86' lang='lat' dir='ltr'><strong>quae</strong></span> <span class='ocrx_word' id='word_1_225' title='bbox 548 3602 680 3672; x_wconf 87' lang='lat' dir='ltr'><strong>poenam</strong></span> <span class='ocrx_word' id='word_1_226' title='bbox 703 3579 824 3671; x_wconf 77' lang='lat' dir='ltr'><strong>augent</strong></span> <span class='ocrx_word' id='word_1_227' title='bbox 855 3577 978 3647; x_wconf 81' lang='lat' dir='ltr'><strong>nonii</strong></span> <span class='ocrx_word' id='word_1_228' title='bbox 1011 3575 1242 3672; x_wconf 76' lang='lat' dir='ltr'><strong>separationis,</strong></span> <span class='ocrx_word' id='word_1_229' title='bbox 1270 3570 1327 3641; x_wconf 90' lang='lat' dir='ltr'><strong>sed</strong></span> 
     </span>
     <span class='ocr_line' id='line_1_31' title="bbox 246 3672 1127 3771; baseline -0.003 -26"><span class='ocrx_word' id='word_1_230' title='bbox 246 3674 383 3747; x_wconf 89' lang='lat' dir='ltr'><strong>horrore</strong></span> <span class='ocrx_word' id='word_1_231' title='bbox 406 3674 631 3766; x_wconf 86' lang='lat' dir='ltr'><strong>solemnitatis,</strong></span> <span class='ocrx_word' id='word_1_232' title='bbox 658 3700 724 3771; x_wconf 92' lang='lat' dir='ltr'><strong>qua</strong></span> <span class='ocrx_word' id='word_1_233' title='bbox 747 3672 801 3744; x_wconf 91' lang='lat' dir='ltr'><strong>illa</strong></span> <span class='ocrx_word' id='word_1_234' title='bbox 826 3675 1036 3745; x_wconf 88' lang='lat' dir='ltr'><strong>constituitur</strong></span> <span class='ocrx_word' id='word_1_235' title='bbox 1059 3672 1127 3769; x_wconf 78' lang='grc' dir='ltr'>(ὅ).</span> 
     </span>
    </p>
   </div>
   <div class='ocr_carea' id='block_1_6' title="bbox 246 3863 1330 4255">
    <p class='ocr_par' dir='ltr' id='par_1_6' title="bbox 291 3863 931 3947">
     <span class='ocr_line' id='line_1_32' title="bbox 291 3863 931 3947; baseline -0.008 -19"><span class='ocrx_word' id='word_1_236' title='bbox 291 3866 334 3945; x_wconf 82' lang='lat' dir='ltr'><strong>(ll</strong></span> <span class='ocrx_word' id='word_1_237' title='bbox 358 3867 431 3947; x_wconf 73' lang='lat' dir='ltr'><strong>top.</strong></span> <span class='ocrx_word' id='word_1_238' title='bbox 448 3866 489 3927; x_wconf 74' lang='grc'><strong>19</strong></span> <span class='ocrx_word' id='word_1_239' title='bbox 502 3869 581 3927; x_wconf 75' lang='lat' dir='ltr'><strong>etth</strong></span> <span class='ocrx_word' id='word_1_240' title='bbox 596 3863 771 3927; x_wconf 73' lang='grc'><strong>1111111111.</strong></span> <span class='ocrx_word' id='word_1_241' title='bbox 787 3882 931 3927; x_wconf 70' lang='lat' dir='ltr'><strong>scemam.</strong></span> 
     </span>
    </p>

    <p class='ocr_par' dir='ltr' id='par_1_7' title="bbox 246 3940 1330 4255">
     <span class='ocr_line' id='line_1_33' title="bbox 286 3940 1328 4027; baseline -0.013 -16"><span class='ocrx_word' id='word_1_242' title='bbox 286 3948 329 4027; x_wconf 67' lang='grc'><strong>11)</strong></span> <span class='ocrx_word' id='word_1_243' title='bbox 351 3948 515 4009; x_wconf 81' lang='lat' dir='ltr'><strong>nnathcma</strong></span> <span class='ocrx_word' id='word_1_244' title='bbox 532 3948 569 4009; x_wconf 89' lang='lat' dir='ltr'><strong>ab</strong></span> <span class='ocrx_word' id='word_1_245' title='bbox 583 3946 883 4009; x_wconf 86' lang='lat' dir='ltr'><strong>excommunicatione</strong></span> <span class='ocrx_word' id='word_1_246' title='bbox 900 3943 1002 4007; x_wconf 78' lang='lat' dir='ltr'><strong>differt</strong></span> <span class='ocrx_word' id='word_1_247' title='bbox 1016 3952 1136 4025; x_wconf 86' lang='lat' dir='ltr'><strong>propter</strong></span> <span class='ocrx_word' id='word_1_248' title='bbox 1157 3940 1328 4002; x_wconf 88' lang='lat' dir='ltr'><strong>solemnita-</strong></span> 
     </span>
     <span class='ocr_line' id='line_1_34' title="bbox 246 4019 1329 4106; baseline -0.01 -16"><span class='ocrx_word' id='word_1_249' title='bbox 246 4038 291 4090; x_wconf 79' lang='lat' dir='ltr'><strong>tes</strong></span> <span class='ocrx_word' id='word_1_250' title='bbox 307 4038 338 4090; x_wconf 90' lang='lat' dir='ltr'><strong>et</strong></span> <span class='ocrx_word' id='word_1_251' title='bbox 355 4029 563 4105; x_wconf 76' lang='lat' dir='ltr'><strong>ceremonias,</strong></span> <span class='ocrx_word' id='word_1_252' title='bbox 586 4047 654 4106; x_wconf 72' lang='lat' dir='ltr'><strong>quta</strong></span> <span class='ocrx_word' id='word_1_253' title='bbox 673 4030 704 4089; x_wconf 92' lang='lat' dir='ltr'><strong>in</strong></span> <span class='ocrx_word' id='word_1_254' title='bbox 721 4046 757 4089; x_wconf 88' lang='lat' dir='ltr'><strong>eo</strong></span> <span class='ocrx_word' id='word_1_255' title='bbox 777 4028 900 4089; x_wconf 83' lang='lat' dir='ltr'><strong>serendo</strong></span> <span class='ocrx_word' id='word_1_256' title='bbox 916 4027 1111 4101; x_wconf 86' lang='lat' dir='ltr'><strong>adhibentur,</strong></span> <span class='ocrx_word' id='word_1_257' title='bbox 1130 4038 1254 4100; x_wconf 76' lang='lat' dir='ltr'><strong>qunque</strong></span> <span class='ocrx_word' id='word_1_258' title='bbox 1275 4019 1329 4079; x_wconf 91' lang='lat' dir='ltr'><strong>de·</strong></span> 
     </span>
     <span class='ocr_line' id='line_1_35' title="bbox 246 4110 1325 4192; baseline -0.012 -20"><span class='ocrx_word' id='word_1_259' title='bbox 246 4111 419 4172; x_wconf 87' lang='lat' dir='ltr'><strong>scribuntur</strong></span> <span class='ocrx_word' id='word_1_260' title='bbox 438 4113 469 4171; x_wconf 92' lang='lat' dir='ltr'><strong>in</strong></span> <span class='ocrx_word' id='word_1_261' title='bbox 486 4129 553 4170; x_wconf 85' lang='lat' dir='ltr'><strong>con.</strong></span> <span class='ocrx_word' id='word_1_262' title='bbox 576 4112 635 4171; x_wconf 89' lang='grc'><strong>106</strong></span> <span class='ocrx_word' id='word_1_263' title='bbox 659 4128 726 4192; x_wconf 87' lang='lat' dir='ltr'><strong>cop.</strong></span> <span class='ocrx_word' id='word_1_264' title='bbox 750 4110 789 4170; x_wconf 74' lang='lat' dir='ltr'><strong>tt</strong></span> <span class='ocrx_word' id='word_1_265' title='bbox 809 4129 862 4192; x_wconf 79' lang='lat' dir='ltr'><strong>qo.</strong></span> <span class='ocrx_word' id='word_1_266' title='bbox 888 4112 922 4185; x_wconf 82' lang='lat'><strong>5,</strong></span> <span class='ocrx_word' id='word_1_267' title='bbox 948 4110 1043 4186; x_wconf 87' lang='lat' dir='ltr'><strong>reipsa</strong></span> <span class='ocrx_word' id='word_1_268' title='bbox 1059 4116 1218 4181; x_wconf 88' lang='lat' dir='ltr'><strong>utrumque</strong></span> <span class='ocrx_word' id='word_1_269' title='bbox 1232 4120 1325 4161; x_wconf 90' lang='lat' dir='ltr'><strong>unum</strong></span> 
     </span>
     <span class='ocr_line' id='line_1_36' title="bbox 247 4182 1330 4255; baseline -0.012 -3"><span class='ocrx_word' id='word_1_270' title='bbox 247 4201 276 4252; x_wconf 89' lang='lat' dir='ltr'><strong>et</strong></span> <span class='ocrx_word' id='word_1_271' title='bbox 299 4194 380 4255; x_wconf 86' lang='lat' dir='ltr'><strong>idem</strong></span> <span class='ocrx_word' id='word_1_272' title='bbox 404 4200 458 4255; x_wconf 86' lang='lat' dir='ltr'><strong>est.</strong></span> <span class='ocrx_word' id='word_1_273' title='bbox 485 4193 560 4254; x_wconf 90' lang='lat' dir='ltr'><strong>llinc</strong></span> <span class='ocrx_word' id='word_1_274' title='bbox 581 4192 652 4254; x_wconf 90' lang='lat' dir='ltr'><strong>olim</strong></span> <span class='ocrx_word' id='word_1_275' title='bbox 673 4192 984 4253; x_wconf 82' lang='lat' dir='ltr'><strong>excommunicationis</strong></span> <span class='ocrx_word' id='word_1_276' title='bbox 1007 4198 1037 4250; x_wconf 89' lang='lat' dir='ltr'><strong>et</strong></span> <span class='ocrx_word' id='word_1_277' title='bbox 1062 4182 1256 4249; x_wconf 87' lang='lat' dir='ltr'><strong>anathematis</strong></span> <span class='ocrx_word' id='word_1_278' title='bbox 1277 4200 1330 4241; x_wconf 88' lang='lat' dir='ltr'><strong>ro-</strong></span> 
     </span>
    </p>
   </div>
   <div class='ocr_carea' id='block_1_7' title="bbox 0 0 1820 5625">
    <p class='ocr_par' dir='ltr' id='par_1_8' title="bbox 0 0 1820 5625">
     <span class='ocr_line' id='line_1_37' title="bbox 0 0 1820 5625; baseline 0 0"><span class='ocrx_word' id='word_1_279' title='bbox 0 0 1820 5625; x_wconf 95' lang='lat' dir='ltr'><strong> </strong></span> 
     </span>
    </p>
   </div>
  </div>
 </body>
</html>
