3575 5625
890 714 1085 784 ...44-

452 884 521 948 opp.
533 874 603 927 tun.
618 870 631 927 l
649 884 718 949 por.
734 868 746 927 l
762 884 795 947 p.
812 866 871 926 293
884 861 929 925 ed.
945 865 1053 923 Potae.
1069 864 1162 941 1⁷78,
1183 885 1197 916 u
1208 862 1274 925 Tibi
1290 864 1384 935 Deus,
1399 860 1513 940 inquit,

453 948 611 1027 imperium
630 949 789 1043 commisit,
811 946 909 1043 nobis,
936 964 1002 1042 quta
1025 954 1094 1007 sunt
1112 946 1240 1043 ecclesia
1263 942 1454 1040 concredidit.
1479 947 1516 1005 Et

452 1030 763 1175 ttttttittttt
774 1038 1049 1189 littltttt
1059 1028 1517 1189 ttt?t.⁰ttt⁸.tfttnt⁰t

452 1194 490 1254 ad
508 1203 537 1255 tc
563 1194 683 1256 trahens
701 1213 805 1277 magno
824 1194 941 1255 crimini
964 1192 1107 1253 obnoxius
1130 1192 1192 1253 fias.
1216 1219 1228 1246 s
1257 1192 1409 1270 Sapienter
1427 1192 1517 1251 etiam

453 1278 578 1339 loannes
594 1278 662 1339 Vlll
680 1277 714 1338 in
731 1296 799 1339 con.
820 1278 855 1338 ll
880 1273 949 1338 dot.
970 1276 1027 1351 96,
1053 1300 1067 1328 s
1085 1276 1115 1337 Si
1137 1276 1311 1353 imperator,
1333 1273 1443 1353 inquit,
1467 1290 1519 1332 ce-

452 1356 577 1419 tholicus
597 1366 656 1435 est,
677 1359 755 1421 filius
778 1366 836 1432 est,
859 1376 919 1418 non
937 1357 1043 1437 praesul
1066 1358 1207 1432 eeclesia,
1236 1356 1315 1435 quod
1339 1356 1377 1417 nd
1396 1356 1520 1436 reiigio-

453 1458 522 1501 nem
540 1441 691 1520 competit,
715 1441 828 1503 discere
846 1441 873 1501 ei
891 1440 1041 1514 convenit,
1067 1458 1126 1501 non
1144 1439 1248 1500 dooere
1250 1480 1387 1499 .....
1408 1438 1454 1499 Ad
1471 1455 1520 1497 sa·

453 1522 584 1584 cerdotes
602 1525 681 1583 enim
698 1528 777 1586 Deus
794 1522 904 1599 voluit,
925 1540 991 1601 quoe
1009 1521 1135 1583 eeclesia
1153 1520 1333 1600 disponenda
1358 1528 1427 1581 sunt
1449 1538 1519 1598 per-

452 1603 561 1681 tinere,
585 1624 644 1667 non
662 1606 701 1666 ad
724 1606 819 1668 saculi
844 1612 1015 1685 potestates,
1034 1622 1121 1682 quas,
1140 1604 1164 1664 si
1178 1602 1279 1663 fideles
1290 1609 1375 1679 sunt,
1390 1602 1520 1663 ccclesiae

453 1704 513 1747 sura
522 1688 719 1749 sacerdotibus
726 1688 817 1749 voluit
825 1685 1070 1767 essesubjeetas.·
1085 1685 1398 1750 confercabassntium
1411 1681 1519 1746 Tleor.

452 1776 480 1829 et
495 1788 585 1851 prox.
596 1770 663 1852 jur.
693 1788 796 1831 eonon.
824 1766 875 1831 lib.
904 1773 1004 1851 toop.
1025 1768 1044 1827 9
1068 1787 1153 1830 oum.
1179 1770 1217 1829 ld
1236 1776 1263 1827 et
1289 1768 1344 1841 td,-
1363 1767 1401 1827 de
1423 1770 1520 1827 Marcu

454 1848 595 1913 Concord.
610 1850 724 1913 sacerd.
740 1860 768 1913 et
780 1852 886 1935 imper.
902 1847 953 1913 tit.
965 1852 986 1912 2
999 1868 1063 1933 onp.
1080 1844 1227 1912 tnumtt
1237 1857 1266 1911 et
1276 1866 1352 1933 sep,
1361 1847 1520 1928 Doujatum

452 1932 585 1996 Pronnoi.
596 1952 703 1996 eonem
719 1930 770 1995 lib.
786 1936 806 1995 2
820 1951 888 2015 cop.
905 1936 936 1995 2.

501 2087 532 2187 §.
560 2087 620 2161 lll.
659 2087 784 2160 Verum
834 2115 872 2160 ex
905 2090 1005 2159 causis
1048 2086 1329 2160 sacramentalibus
1357 2088 1409 2159 vix
1441 2086 1521 2163 ullae

455 2185 496 2257 ad
539 2186 646 2258 lorum
698 2188 935 2259 contentiosum
981 2185 1193 2277 deferuntur,
1233 2188 1373 2282 exeeptis
1419 2191 1521 2258 causis

453 2283 752 2381 matrimonialibus,
778 2312 853 2382 quae
890 2310 950 2384 per
983 2311 1132 2375 cursum,
1170 2283 1384 2382 ordinemque
1424 2285 1522 2383 judi-

454 2382 569 2454 cialem
616 2381 843 2479 expediuntur.
900 2384 1024 2455 Harum
1076 2398 1185 2455 autem
1235 2384 1522 2455 matrimonialium

455 2484 764 2573 controversiarum,
813 2480 855 2553 de
898 2482 1016 2580 quibus
1072 2483 1196 2553 institui
1232 2480 1338 2553 solent
1376 2480 1521 2580 judicia,

454 2579 573 2676 triplex
620 2594 671 2650 est
695 2604 807 2671 genus.
851 2578 934 2653 Aliae
965 2582 1053 2650 enim
1082 2581 1148 2650 vim
1177 2581 1280 2677 ipsam
1307 2582 1362 2650 icti
1392 2579 1523 2651 foederis

456 2702 492 2747 ac
513 2676 702 2748 firmitatem
739 2680 919 2773 attingunt,
954 2694 988 2749 et
1022 2680 1080 2751 hae
1112 2704 1185 2752 enm
1223 2679 1395 2775 respiciant
1420 2694 1523 2750 natu-

457 2802 526 2846 ram
562 2778 710 2847 intimam
746 2779 959 2867 sacramenti,
996 2792 1126 2848 tantum
1153 2780 1189 2848 in
1216 2775 1425 2850 ecclesiastico
1450 2777 1525 2851 loro

456 2873 635 2948 tractandae
667 2893 743 2945 sunt
776 2876 842 2974 (i).
873 2875 956 2947 Aliae
993 2878 1159 2970 pertinent
1198 2875 1239 2947 ad
1286 2878 1353 2946 rim
1385 2902 1524 2973 sponsa-

457 2970 563 3064 lium,
595 2989 694 3070 atque
729 2973 770 3044 ad
794 2976 849 3073 jus
885 2973 1076 3045 instituendi
1112 2972 1241 3046 divortii
1269 2973 1377 3072 quoad
1412 2992 1523 3046 torum

458 3095 495 3141 ac
520 3087 667 3142 mutuam
699 3071 954 3158 habitationem,
990 3088 1024 3142 et
1055 3071 1108 3143 hae
1138 3071 1284 3144 similiter
1315 3072 1528 3146 ecclesiastico

453 3167 577 3267 judicio
610 3170 783 3242 noscenda
815 3168 1078 3266 deliniendaeque
1115 3186 1192 3243 sunt
1232 3170 1301 3266 (2).
1339 3171 1423 3242 Nem
1454 3198 1525 3243 res-

458 3284 590 3364 pectum
638 3268 761 3339 habent
803 3267 845 3338 ad
895 3284 1132 3339 sacramentum
1178 3270 1395 3358 matrimonii,
1443 3295 1526 3366 quo-

461 3368 547 3436 niam
580 3366 622 3435 ad
661 3365 743 3436 illud
780 3364 1040 3438 contrahendum
1082 3366 1281 3464 sponsalibus
1321 3366 1521 3462 obligamur,

461 3488 498 3532 ae
533 3488 591 3558 per
641 3462 817 3534 divortium
855 3466 930 3563 jura
970 3467 1102 3562 utrique
1143 3467 1273 3564 conjugi
1318 3467 1525 3539 matrimonio

463 3563 599 3657 quaesita
617 3561 812 3632 relaxantur.

505 3731 547 3814 (l)
574 3760 587 3790 u
605 3735 635 3798 Si
655 3736 721 3814 quis
741 3733 862 3810 dixerit,
888 3755 986 3800 causas
1008 3738 1234 3800 matrimoniales
1251 3757 1310 3800 non
1337 3745 1466 3816 spectare
1488 3739 1527 3800 ad

460 3815 575 3897 judices
588 3817 807 3896 ecclesiasticos,
821 3819 974 3881 anathema
997 3821 1049 3898 sit,
1069 3847 1083 3875 n
1106 3820 1202 3899 inquit
1212 3821 1340 3900 synodus
1353 3820 1527 3882 Tridentino

464 3916 536 3960 sess.
554 3903 594 3962 id
609 3919 677 3982 cop.
702 3903 740 3962 ld
762 3897 797 3962 de
812 3901 950 3963 Matrini.
970 3906 1046 3965 Tum
1062 3919 1133 3965 sess.
1154 3905 1194 3963 nt
1210 3921 1277 3985 eop.
1292 3905 1333 3966 20
1349 3900 1383 3964 de
1399 3901 1525 3984 reform.

464 3979 633 4059 hujusmodi
648 4001 747 4045 causas
767 4002 824 4044 nou
840 3983 960 4061 decani,
982 3981 1202 4060 archidiaconi,
1227 3991 1280 4045 oet
1301 3982 1432 4046 oliorum
1445 3983 1529 4065 inse-

463 4063 581 4126 riorom
595 4062 712 4146 judicio
725 4065 963 4142 committendas,
981 4067 1032 4127 sed
1043 4067 1080 4128 ab
1095 4067 1297 4146 unoepiscopo
1316 4066 1529 4148 cognoscendas

465 4163 528 4207 esse
542 4147 655 4208 statuit.
672 4150 767 4227 Atque
780 4147 836 4209 hoc
849 4147 969 4228 quidem
986 4158 1160 4227 perpetuum
1174 4149 1300 4219 eeclesia
1311 4150 1359 4229 jus
1373 4149 1440 4210 luit.
1454 4149 1529 4211 Cum

465 4228 543 4290 inter
566 4229 735 4292 lotharium
760 4237 789 4290 et
814 4229 1030 4310 Teuthbergam
1055 4229 1092 4291 de
1116 4231 1145 4291 ri
1168 4231 1346 4292 matrimonii
1371 4231 1450 4292 inter
1478 4249 1528 4292 eos

465 4310 531 4373 initi
555 4321 751 4394 quaereretur,
767 4321 863 4374 actum
887 4330 920 4373 ea
945 4312 982 4374 de
999 4331 1032 4374 re
1045 4322 1089 4374 est
1113 4313 1144 4374 in
1166 4313 1278 4394 synodo
1302 4314 1529 4395 Aquisgranensi
