3575 5625
1256 608 1311 653 xta

238 731 352 792 idoneis
379 729 415 790 ad
434 731 558 792 formam
582 729 698 792 articuli
727 731 767 790 lll
787 728 954 789 novissimae
973 729 1174 789 conventionis
1201 730 1313 810 eligere

259 812 362 874 assint.

237 832 258 892 p
280 895 391 953 Verum
405 909 459 970 pro
477 892 532 954 bae
552 891 648 970 prima
670 890 733 950 vice
761 889 846 952 nobis
866 907 1051 950 reservamus
1072 892 1206 952 ecelesias
1228 896 1312 973 regni

238 973 346 1053 Belgici
360 973 398 1034 de
410 973 576 1050 pastoribus
589 970 761 1052 providere,
775 970 1024 1050 quemadmodum
1042 989 1096 1050 pro
1110 971 1313 1034 Mechliniensi

238 1055 387 1116 ecclesian
406 1055 457 1116 iel.
470 1073 531 1116 rec.
549 1054 601 1115 Pio
620 1054 927 1130 V11,Praedecessore
947 1059 1048 1113 nestro
1068 1053 1176 1113 lactum
1196 1061 1255 1128 est3
1282 1074 1315 1116 ac

236 1137 301 1214 pari
324 1135 412 1198 modo
432 1136 457 1195 si
481 1135 520 1198 ob
545 1132 715 1196 dioeeesium
741 1135 906 1196 vestitatem
932 1134 1101 1214 contingat,
1126 1143 1161 1194 ut
1187 1135 1312 1214 episcopi

239 1217 393 1279 dioecesam
405 1216 499 1279 alieno
510 1215 843 1298 indigeautministerio,
852 1215 925 1276 iniis
932 1215 1033 1292 etiam,
1041 1231 1107 1294 que
1117 1215 1315 1277 characterem

239 1297 615 1378 requiruutepiscopalem,
631 1296 721 1360 Nobis
734 1305 764 1358 et
782 1297 996 1360 successoribus
1010 1297 1119 1358 nostris
1131 1315 1315 1360 reservamus

239 1379 383 1461 ejusmodi
397 1379 566 1441 dioecesium
584 1378 741 1459 episeopis,
757 1387 845 1459 prout
859 1378 1054 1441 necessarium
1068 1379 1314 1456 judicaverimus,

239 1462 394 1524 auxiliares
418 1463 567 1542 episcopos
591 1461 766 1537 concedere,
792 1463 844 1541 qui
867 1463 927 1536 eis,
954 1466 1103 1538 tamquam
1124 1459 1314 1542 suffraganei,

239 1543 410 1622 adjumento
421 1543 480 1604 sint
490 1545 522 1606 in
532 1542 747 1624 pontificalibus
754 1545 864 1606 muniis
873 1541 1040 1621 explendis3
1053 1542 1161 1622 quibus
1175 1543 1317 1622 episcopis

240 1626 450 1688 serenissimus
475 1628 553 1700 Rex,
585 1625 738 1688 eveniente
763 1643 849 1705 casu,
880 1623 1076 1701 demtionem,
1103 1643 1206 1685 eorum
1229 1624 1317 1684 statui

240 1708 463 1769 convenientem
475 1707 650 1788 assignabit;

282 1789 448 1851 Aunuimus
471 1797 585 1868 autem,
614 1795 648 1849 ut
672 1787 907 1868 archiepiscopus
939 1794 969 1848 et
1002 1788 1154 1867 episeopus
1192 1787 1316 1867 quisque

240 1871 475 1950 supradictarum
489 1873 573 1952 regni
588 1870 695 1952 Belgici
710 1870 909 1945 ecclesiarum,
924 1876 1079 1948 postquam
1093 1869 1130 1930 ab
1144 1869 1318 1948 hacaposto-

240 1952 296 2013 lica
313 1951 383 2013 sede
395 1953 564 2037 canonicqm
582 1953 727 2032 acceperit
742 1950 976 2027 institutionem,
1000 1958 1030 2011 et
1048 1959 1205 2030 antequam
1229 1969 1317 2012 suum

242 2033 406 2114 gerendum
426 2051 533 2095 munus
548 2033 686 2114 suscipiat
699 2051 797 2095 eoram
812 2032 999 2094 serenissimo
1022 2035 1102 2115 llege
1115 2032 1318 2111 juramentum

242 2114 392 2175 fidelitatis
405 2116 520 2176 emittat
529 2123 620 2194 prout
631 2117 727 2177 iuerat
741 2114 933 2177 constitutum
943 2114 976 2174 iu
995 2115 1119 2176 articulo
1133 2116 1175 2175 Vl
1189 2131 1317 2176 eonven-

242 2196 332 2256 tiouis
346 2197 415 2256 anni
428 2197 520 2274 aaut,
536 2196 725 2275 sequentibus
735 2196 833 2258 verbis
843 2211 1029 2274 expressum:

291 2280 375 2358 «Ego
385 2277 496 2354 juro-et
509 2277 649 2357 promitto
659 2277 696 2339 ad
709 2285 806 2340 sancta
816 2277 873 2339 Dei
887 2277 1043 2357 Evangelia
1055 2275 1272 2352 obedientiam,
1287 2283 1319 2337 et

242 2384 257 2412 ιι
284 2355 456 2418 fidelitatem
468 2358 610 2437 majestati
620 2377 680 2420 suae
696 2361 769 2440 Regi
783 2358 939 2439 Belgarum
952 2376 1020 2419 meo
1032 2358 1164 2438 legitimo
1176 2358 1314 2437 principi.

242 2463 256 2492 ιι
284 2440 357 2499 ltem
374 2439 516 2518 promitto
529 2457 577 2500 me
590 2439 702 2500 nullam
725 2439 1019 2502 communicationem
1038 2439 1225 2516 habiturum,
1242 2438 1317 2499 nulli

242 2545 257 2573 ιι
284 2519 404 2580 consilio
425 2519 657 2598 interfuturum,
681 2519 851 2597 nullamque
872 2527 1037 2597 suspectam
1057 2520 1197 2581 unionem
1222 2537 1319 2598 neque

241 2626 256 2654 ιι
283 2601 361 2661 intra
377 2618 474 2679 neque
487 2607 568 2661 extra
593 2608 849 2676 conservaturum,
871 2618 939 2676 qum
962 2600 1169 2677 tranquillitati
1193 2600 1318 2679 publice

242 2709 256 2736 ι
285 2688 402 2757 noceat,
419 2689 449 2742 et
463 2681 487 2741 si
503 2680 609 2742 tamin
625 2681 741 2742 diaecesi
759 2699 839 2756 mea,
859 2697 949 2758 quam
963 2681 1032 2742 alibi
1055 2681 1189 2742 noverim
1205 2680 1318 2761 aliquid

243 2791 257 2820 ιι
285 2765 316 2824 in
327 2770 419 2825 status
431 2761 572 2823 damnum
583 2762 713 2833 tractari,
727 2759 839 2822 domini
851 2777 918 2821 meo
927 2763 990 2842 regi
1002 2761 1204 2823 manifestabo.
1217 2788 1231 2816 ι

285 2845 428 2909 Similiter
445 2845 618 2918 annuimus,
636 2851 669 2903 ut
687 2842 743 2903 hoc
760 2841 839 2903 idem
852 2841 1053 2920 juramentum
1071 2850 1212 2920 praestent
1224 2844 1318 2903 eccle-

243 2926 350 2988 siastici
363 2942 480 3004 quoque
493 2924 549 2985 viri
564 2922 685 2985 secundi
709 2923 821 2984 ordinis
834 2940 933 2984 eoram
948 2923 1170 2986 auctoritatibus
1184 2924 1319 2984 civilibus

244 3028 261 3069 a
276 3013 355 3087 llege
368 3006 542 3087 designatis,
555 3004 803 3084 quemadmodum
815 3012 957 3066 statutum
971 3006 1068 3066 iuerat
1081 3006 1113 3065 in
1126 3004 1249 3066 articulo
1263 3007 1318 3068 Vll

217 3132 218 3135 ι
245 3088 376 3167 ejusdem
391 3086 603 3148 conventionis.

287 3170 353 3232 Pari
365 3170 454 3230 modo
467 3177 501 3229 ut
511 3168 606 3229 omnis
619 3167 749 3229 solvatur
769 3166 946 3248 ambiguitas
958 3167 1035 3228 circa
1047 3167 1169 3227 modum
1183 3184 1243 3245 quo
1256 3168 1320 3227 ior-

243 3251 325 3312 mula
338 3268 459 3330 precum
481 3250 512 3309 in
527 3250 650 3310 articulo
663 3252 731 3311 vllt
743 3249 945 3311 conventionis
964 3250 1034 3309 anni
1049 3251 1144 3324 aaut,
1161 3257 1268 3309 statuta
1281 3248 1319 3308 ad

244 3340 421 3413 praesentem
432 3348 532 3391 rerum
544 3338 651 3391 statum
663 3330 801 3411 applicari
814 3330 923 3402 valeat,
940 3330 1121 3391 declaramus
1132 3330 1266 3391 eamdem
1276 3330 1318 3390 sic

245 3432 309 3475 esse
322 3411 535 3474 immutandam
560 3431 580 3471 =
601 3414 726 3474 Domine
739 3412 852 3473 salvum
866 3413 912 3473 iae
925 3415 1034 3492 llegem
1049 3421 1182 3473 nostrum
1196 3411 1320 3473 Guiliel-

244 3514 328 3558 mum
346 3516 387 3555 ε.

287 3576 420 3655 Episcopi
432 3582 530 3636 autem
549 3574 673 3636 liberam
687 3574 838 3637 habebunt
852 3593 974 3636 suorum
989 3575 1166 3637 vicariorum
1188 3575 1220 3637 in
1234 3576 1319 3656 spiri·

245 3658 374 3719 tualibus
387 3657 567 3738 generalium
581 3656 812 3719 nominationem
830 3663 860 3718 et
874 3657 1058 3718 electionem.

287 3742 379 3801 Porro
392 3748 456 3799 tum
470 3737 678 3818 archiepiscopi
699 3746 763 3801 tum
780 3739 909 3818 episcopi
932 3739 1073 3817 cujusque
1086 3739 1233 3818 precipua
1246 3755 1316 3798 cura

244 3822 411 3882 versabitur
434 3820 509 3881 circa
533 3820 700 3881 seminaria.
726 3822 761 3881 ln
788 3820 846 3881 illis
870 3821 950 3880 enim
973 3820 1181 3895 adolescentes,
1205 3818 1257 3895 qui
1284 3819 1317 3876 in

245 3908 354 3964 sortem
361 3900 473 3963 domini
485 3908 625 3963 vocantur
633 3909 938 3980 opportunotempore
946 3900 983 3962 ad
992 3902 1129 3979 pietatem
1140 3915 1317 3973 morumque

243 3986 276 4045 in
343 3984 456 4058 itatem,
471 3992 502 4043 et
514 3983 552 4044 ad
564 3982 784 4045 eeclesiasticam
798 4001 916 4046 omnem
926 3982 1111 4060 disciplinam
1121 3979 1202 4040 sieut
1213 3975 1316 4038 nouel-

242 3992 490 4146 inefficaciam
502 4064 699 4147 injuventute
712 4084 770 4127 suo
781 4062 962 4126 informandi
975 4070 1056 4122 sunt.
1073 4060 1230 4123 Enimvero
1243 4058 1313 4118 boni

241 4146 399 4209 austrenui
410 4147 441 4207 iu
461 4148 546 4209 vinea
560 4146 672 4209 domini
693 4146 819 4226 operarii
840 4162 901 4207 non
912 4151 1090 4223 nascuntur,
1107 4141 1160 4204 sed
1173 4138 1265 4216 fiunt,
1279 4147 1312 4199 ut
