3575 5625
898 617 1070 688 -8-

447 767 554 832 Morini
571 765 746 828 sententiam
768 763 893 828 cdviii
910 765 1050 826 seculum
1074 767 1235 844 mntraxit,
1261 774 1350 846 atque
1372 772 1441 828 ante
1458 763 1516 828 boc

447 861 563 930 tempus
576 849 703 910 ecclesie
716 865 816 909 veram
831 847 983 927 judicandi
998 855 1170 926 potestatem
1183 849 1280 910 solnm
1292 849 1325 910 in
1346 848 1435 910 rebam
1445 848 1519 910 reli-

447 933 542 1016 gionis
555 930 705 993 adscribit.
721 931 823 992 Plures
835 929 891 990 viri
907 930 986 991 docti
1001 929 1079 990 banc
1090 931 1218 992 ecclesiae
1229 937 1405 1011 potestatem
1417 930 1518 992 vindi·

448 1013 739 1175 ἧωέἓέωῗὲΐ
750 1017 889 1156 tull
902 1015 980 1074 v...
992 1009 1519 1158 ltiialltilltltiiffl

448 1113 655 1241 Aliasserriin
668 1193 756 1256 opere
769 1173 804 1236 de
818 1113 907 1237 latiis
928 1175 977 1236 iet.
999 1174 1065 1237 mol.
1083 1173 1228 1238 adamam
1248 1140 1430 1254 Fearetiom,
1442 1183 1473 1237 et
1486 1176 1519 1237 in

447 1261 524 1322 libro
548 1259 687 1340 peculiari
714 1255 856 1320 cdoemw
883 1255 1117 1339 Gotbofrcdam
1143 1262 1190 1324 lo.
1229 1259 1375 1321 Antonius
1397 1257 1520 1321 Biancbi

449 1341 529 1404 deuo
545 1345 661 1425 potestat
683 1337 803 1402 etdella
818 1337 934 1422 policia
946 1336 1028 1401 della
1041 1338 1148 1403 Cbiesc
1168 1335 1220 1402 to.
1248 1344 1261 1402 l
1289 1361 1356 1424 cop.
1380 1342 1416 1418 ὃς
1431 1344 1517 1404 loan.

450 1424 479 1486 lc
490 1424 608 1488 Gendre
617 1421 773 1485 Iudicium
784 1419 948 1504 episcopale
960 1420 1106 1486 Macran
1120 1419 1289 1486 mamasac
1302 1426 1335 1484 J.
1349 1419 1523 1506 Gctbofridi

452 1507 594 1568 acenime
613 1503 816 1581 uindicatum,-
839 1504 1024 1569 doctissimus
1041 1505 1220 1571 blamacbius
1241 1524 1287 1588 cp.
1310 1507 1332 1568 2
1352 1501 1392 1566 aa
1412 1503 1522 1567 Febre-

449 1588 534 1650 atium
551 1585 578 1670 §.
600 1589 638 1649 19
662 1605 723 1670 seq.
741 1605 816 1670 pap.
835 1587 896 1648 285
914 1595 986 1649 tom.
1012 1589 1027 1648 i
1048 1595 1077 1648 et
1094 1604 1168 1672 pop.
1191 1589 1253 1648 500
1269 1605 1344 1672 sep,
1367 1593 1399 1648 ct
1418 1593 1522 1649 aucwr

449 1670 546 1750 operis
566 1670 607 1731 Le
627 1679 717 1733 storto
738 1667 807 1731 ldae
833 1667 1025 1732 raddriazata
1045 1687 1112 1752 cop.
1136 1672 1167 1732 b.
1188 1669 1342 1733 videndus
1366 1673 1412 1730 cst
1433 1669 1521 1730 etiam

451 1753 595 1832 ilcuryns
612 1750 685 1816 disc.
707 1753 726 1813 7
747 1769 802 1814 sar
827 1748 982 1815 l'liistoirc
998 1749 1100 1815 ecclia
1124 1749 1162 1814 tle
1181 1747 1214 1814 lo
1230 1749 1350 1815 luciaci.
1375 1758 1481 1814 estem.

452 1831 588 1917 l'Ii'pliae.
1110 1887 1115 1894 ,
1345 1900 1349 1911 ⁴
1475 1884 1479 1890 ,

498 1935 529 2038 §.
562 1935 606 2008 V.
640 1937 790 2008 Jamvero
829 1963 904 2036 pars
935 1937 1006 2010 baec
1032 1937 1287 2037 jurisdictionis,
1327 1963 1430 2036 quam
1457 1938 1521 2037 ju-

451 2034 615 2108 diciariam
652 2049 846 2132 potestatem
875 2060 1046 2127 vocamus,
1085 2039 1122 2106 in
1151 2038 1244 2109 omni
1278 2036 1444 2133 republica
1469 2035 1522 2108 vel

450 2136 487 2204 in
524 2159 597 2224 res,
642 2133 694 2204 vel
729 2135 765 2203 in
806 2158 960 2230 personas
992 2161 1011 2204 a
1046 2133 1285 2229 magistratibus
1325 2134 1516 2231 explicatur.

451 2231 536 2303 Nam
571 2233 629 2328 qui
660 2229 847 2328 reipublicae
876 2231 961 2308 icum
996 2235 1135 2330 imperio
1157 2233 1334 2333 prepositi
1361 2249 1460 2325 sunt,
1486 2235 1522 2303 in

452 2332 581 2420 omnia,
612 2355 687 2428 quae
720 2328 762 2400 ad
794 2329 1030 2428 rempublicam
1069 2333 1260 2430 pertinent,
1303 2329 1427 2403 habent
1458 2353 1523 2428 po-

454 2443 622 2516 testatem,
652 2427 714 2500 hoc
748 2429 858 2500 estin
892 2454 1066 2526 personas,
1097 2456 1137 2501 ex
1154 2427 1286 2527 -quibus
1310 2455 1348 2500 ea
1376 2443 1522 2518 constat,

452 2541 551 2624 atque
582 2527 618 2596 in
655 2551 705 2596 res
738 2526 856 2693 puibus
895 2541 1056 2617 utuntur,
1098 2525 1254 2630 fruuntur
1294 2551 1445 2626 personas
1480 2525 1524 2600 all

452 2626 552 2694 vitam
582 2622 740 2695 traduces
764 2650 829 2696 am.
866 2623 978 2709 Quare
1004 2628 1104 2696 ctiam
1142 2624 1284 2698 ecclesias
1318 2627 1523 2721 magistratus

453 2722 489 2791 in
515 2747 566 2792 res
599 2737 632 2794 et
661 2747 813 2819 personas
845 2745 915 2796 suae
944 2721 1131 2821 reipublicae
1163 2722 1284 2796 habere
1314 2723 1438 2796 debent
1463 2725 1525 2824 ju·

454 2818 616 2891 diciariam
645 2836 860 2917 potestatem,
880 2848 981 2921 quam
1007 2826 1044 2893 in
1071 2846 1121 2900 res
1145 2836 1180 2895 et
1207 2840 1360 2920 personas
1390 2847 1522 2895 suarum

455 2918 771 3014 rerumpublicarum
787 2919 910 2993 habent
933 2924 1032 2992 ceteri
1060 2923 1276 3017 magistratus.

453 3057 459 3093 a
503 3014 534 3115 §.
563 3016 622 3087 vl.
649 3016 706 3087 His
728 3020 763 3089 in
793 3017 890 3089 rebus
918 3043 1013 3117 aequa
1039 3036 1088 3092 est
1114 3013 1263 3097 conditio
1282 3018 1380 3093 civilia
1403 3034 1439 3091 et
1465 3043 1524 3091 oc-

454 3113 636 3186 cleaiasticae
678 3114 884 3212 reipublicae,
919 3142 994 3216 quaa
1037 3116 1189 3220 utraque·
1208 3117 1385 3216 imperium
1424 3115 1524 3189 habet

455 3214 490 3281 in
521 3238 572 3285 res
598 3228 631 3285 et
654 3238 806 3311 personas
843 3240 933 3303 suas,
961 3241 1073 3287 verum
1094 3211 1318 3291 *ecclesiastica
1343 3212 1524 3313 respublica

391 3392 392 3397 ἵ
455 3308 554 3381 habet
594 3312 689 3382 etiam
732 3314 931 3409 praecipuam
972 3312 1171 3410 spiritualem
1210 3328 1423 3411 potestatem,
1458 3338 1524 3411 qua

457 3406 557 3479 civilis
593 3407 772 3507 respublica
806 3435 936 3507 prorsus
964 3426 1064 3482 caret.
1109 3408 1239 3483 Scilicet
1274 3410 1420 3484 Christus
1455 3436 1525 3483 non

456 3520 585 3577 tantum
621 3506 785 3577 ecclesiam
814 3510 976 3599 instituit,
1014 3534 1090 3606 quae
1120 3526 1203 3582 esset
1233 3511 1377 3607 perfecta
1406 3534 1524 3605 respu-

456 3602 563 3694 blica,
593 3620 628 3675 et
657 3604 731 3675 ideo
759 3606 889 3704 juribus
928 3606 1091 3678 frueretur
1125 3623 1306 3681 ceterarum
1345 3630 1526 3705 rerumpu-
1575 3657 1578 3661 -

457 3700 636 3793 blicarum,
664 3701 843 3775 sedetiam
871 3706 940 3803 ejus
962 3706 1059 3776 nnius
1087 3730 1155 3777 esse
1177 3706 1281 3778 voluit
1309 3732 1445 3804 praeesse
1468 3728 1524 3776 re-

458 3798 519 3871 bus
543 3802 637 3872 sacris
662 3818 760 3899 atque
783 3802 918 3891 diuinis,
952 3818 986 3875 et
1015 3828 1125 3874 curam
1154 3828 1265 3899 gerere
1288 3828 1422 3893 eorum,
1447 3826 1525 3901 quae

459 3895 502 3969 ad
527 3914 684 3971 aeternam
709 3900 881 3972 hominum
908 3899 1093 3974 felicitatem
1119 3904 1297 3999 pertinent.
1324 3902 1442 3999 Itaque
1467 3927 1524 3973 eo-

460 3994 563 4069 clesiae
593 4013 733 4094 potestas
753 4024 822 4071 non
853 4014 985 4071 tantum
1009 4015 1058 4071 est
1087 4015 1227 4098 potestas
1254 4002 1386 4098 propria
1411 4000 1526 4098 cujus·

459 4098 506 4165 vis
538 4094 743 4193 reipublicoe3
787 4096 844 4167 sed
887 4101 986 4169 etiam
1017 4122 1085 4170 sese
1117 4101 1219 4170 exerit
1256 4102 1293 4169 in
1327 4096 1525 4169 stabiliendis

463 4190 542 4264 fidei
575 4218 772 4294 morumque
806 4197 946 4293 regulis,
984 4198 1021 4267 in
1059 4198 1264 4269 sacramentis
1293 4194 1526 4270 administran-
