3575 5625
926 714 1147 785 -tte-

534 864 578 946 (15)
601 865 673 947 Cap.
691 865 731 926 18
745 859 809 925 eod.
825 865 899 925 lure
912 862 991 923 civili
1009 863 1199 924 interdictum
1217 858 1298 923 unde
1309 860 1342 921 oi
1356 859 1443 921 datur
1456 867 1570 922 tanturn

494 948 634 1010 adversus
649 965 734 1024 cum,
748 946 799 1024 qui
819 945 849 1005 vi
868 943 1001 1005 adhibita
1015 961 1209 1023 possessorem
1220 943 1341 1022 dejecit,
1360 961 1418 1004 nou
1432 942 1572 1004 adversus

494 1048 579 1104 eum,
601 1028 639 1089 ad
657 1047 745 1106 quem
766 1045 813 1087 res
830 1025 867 1086 ab
882 1026 939 1086 alio
955 1025 1100 1086 violenter
1123 1025 1217 1086 ablata
1235 1024 1368 1104 pervenit
1386 1027 1418 1085 L.
1439 1027 1456 1086 7
1480 1023 1515 1106 ff.
1535 1022 1572 1084 de

493 1110 527 1172 oi
542 1119 571 1172 et
587 1109 619 1170 υἱ
636 1117 747 1170 annot.
765 1111 839 1170 Nam
854 1106 912 1169 hoc
928 1107 1118 1168 interdictum
1135 1108 1276 1185 scriptum
1302 1114 1344 1166 est
1362 1105 1393 1165 in
1418 1123 1572 1183 personam

494 1192 551 1254 hoo
575 1189 679 1266 modo,
704 1187 785 1252 uode
809 1195 843 1250 tu
865 1185 954 1250 illum
978 1187 1010 1248 ei
1028 1187 1167 1271 dejecisti.
1186 1186 1243 1250 Sed
1260 1191 1331 1250 lure
1354 1187 1432 1248 civili
1449 1188 1573 1267 derogat

495 1273 667 1335 Caelestinus
683 1275 725 1334 111
741 1272 775 1332 io
793 1270 844 1332 cit.
862 1289 897 1332 co
921 1314 928 1330 .
951 1271 1004 1346 l8,
1024 1269 1077 1330 ubi
1096 1268 1284 1330 interdictum
1303 1265 1381 1330 ende
1396 1268 1429 1330 m‘
1438 1270 1574 1330 coneedit

493 1355 582 1416 etiam
604 1355 744 1415 adversus
758 1371 843 1429 eum,
864 1371 881 1412 a
921 1369 1009 1430 quem
1027 1369 1086 1412 non
1105 1352 1241 1431 ignarum
1255 1351 1317 1410 vitii
1334 1368 1380 1410 rcs
1396 1350 1433 1411 ab
1446 1352 1504 1411 alio
1519 1368 1573 1430 per

493 1435 664 1496 rim‘ablata
684 1435 780 1495 delata
798 1439 853 1494 est.
871 1436 976 1495 Fateor
993 1432 1131 1510 equidem
1152 1436 1205 1496 lus
1223 1431 1307 1492 civile
1327 1431 1413 1491 etiam
1431 1432 1573 1493 adversus

495 1517 637 1578 heredem
656 1515 803 1596 praedonis
819 1514 876 1575 hoc
889 1513 971 1575 idem
984 1513 1175 1575 interdictum
1190 1514 1320 1575 tribuere
1331 1515 1362 1573 L.
1382 1515 1395 1573 l
1415 1510 1441 1593 §-
1457 1512 1529 1591 ult„
1544 1522 1573 1575 et

493 1600 527 1661 L.
548 1600 567 1660 2
612 1643 619 1658 .
635 1595 671 1658 de
686 1596 805 1659 vietel
823 1603 954 1671 armat,
972 1595 1042 1674 quia
1064 1595 1206 1656 nimirum
1225 1594 1310 1655 heres
1333 1612 1477 1656 successor
1501 1596 1574 1656 uni·

493 1697 577 1741 versa
590 1681 614 1739 is
632 1687 691 1753 est,
714 1679 752 1739 ad
776 1695 865 1757 quem
886 1695 974 1738 omne
997 1676 1128 1738 defuncti
1146 1676 1252 1746 vitium
1273 1675 1404 1736 defertur
1422 1679 1455 1736 L.
1473 1679 1508 1738 ll
1534 1676 1569 1759 ff.

493 1759 530 1822 dc
554 1759 663 1822 divers.
683 1767 711 1820 et
726 1755 911 1841 temporalib.
926 1775 1074 1842 prescr.,·
1100 1762 1131 1820 L.
1155 1755 1273 1840 penult.
1298 1754 1361 1818 cod.
1388 1754 1424 1818 de
1450 1759 1569 1841 acquir.

489 1859 592 1922 poes.;
611 1841 741 1903 sednon
760 1843 832 1901 item
847 1841 981 1902 coneedit
1001 1840 1141 1901 adversus
1163 1847 1343 1919 emptorem,
1360 1837 1486 1900 aliumve
1503 1859 1573 1901 suc·

493 1941 637 1984 cessorem
659 1921 855 2002 singularem,
882 1922 934 2000 qui
960 1939 1019 1982 non
1042 1921 1171 1982 succedit
1198 1921 1230 1980 in
1253 1920 1358 1980 vitium
1374 1920 1452 1998 ejus,
1477 1939 1571 2000 aquo

492 2023 558 2064 rem
575 2003 715 2064 obtinuit.
736 2005 774 2063 nt
787 2003 855 2081 jure
874 2001 1013 2062 canonico
1028 2004 1112 2063 malae
1125 2001 1194 2062 fidei
1207 2009 1322 2080 emptor
1339 2001 1466 2062 succedit
1480 2004 1571 2064 etiam

493 2085 525 2144 in
539 2085 643 2144 vitium
662 2082 840 2158 venditoris3
866 2089 896 2143 et
911 2082 978 2143 ideo
995 2083 1069 2144 nihil
1087 2085 1196 2160 refert,
1214 2083 1275 2144 sive
1290 2083 1355 2161 quis
1369 2102 1431 2144 rem
1445 2085 1571 2162 pervim

494 2165 666 2234 abstulerit,
684 2164 745 2224 sire
762 2164 799 2225 ab
816 2165 873 2224 alio
889 2163 1014 2225 ablatam
1032 2167 1125 2226 sciens
1140 2164 1269 2245 prudens
1283 2165 1447 2224 retinuerit.
1465 2169 1572 2226 Errant

494 2253 593 2306 autem
614 2245 805 2308 veliementer
820 2247 872 2324 qni
889 2245 967 2306 hane
982 2246 1128 2309 Coelestini
1145 2246 1380 2308 constitutionem
1402 2264 1458 2306 non
1480 2249 1572 2324 perti·

494 2345 567 2388 nere
580 2328 749 2389 existimant
762 2327 800 2388 ad
813 2327 1005 2388 interdictum
1019 2325 1099 2389 uncle
1112 2327 1158 2406 ol,
1174 2327 1227 2388 sed
1241 2328 1335 2406 potius
1347 2326 1383 2387 ad
1395 2326 1571 2388 beneficium

496 2408 609 2471 editum
631 2407 666 2468 ia
687 2428 755 2470 eom
773 2407 1018 2490 Redinteproada
1035 2427 1101 2491 cup.
1125 2411 1142 2470 5
1161 2429 1212 2492 pm
1234 2411 1269 2484 l,
1286 2407 1365 2487 quod
1384 2409 1503 2487 quidem
1520 2412 1573 2470 be-

495 2489 634 2550 neficium
655 2498 833 2568 perpetuum
856 2499 911 2550 est.
929 2493 1003 2552 Nam
1024 2490 1048 2552 si
1072 2490 1103 2551 id
1128 2507 1230 2550 verum
1256 2489 1429 2564 haberetur,
1457 2490 1571 2552 nullum

495 2581 572 2632 esset
592 2573 671 2630 inter
686 2571 735 2649 jus
748 2571 920 2631 canonicum
938 2578 968 2632 et
982 2572 1067 2632 civile
1082 2571 1254 2641 discrimen,
1274 2571 1410 2649 quoniam
1429 2589 1462 2630 ea
1482 2572 1515 2632 in
1540 2591 1573 2633 re

493 2651 597 2713 eadem
610 2660 685 2712 esset
693 2652 769 2731 juris
781 2653 936 2731 utriusque
947 2653 1060 2734 regula,
1081 2659 1190 2714 atrero
1205 2653 1375 2714 Caelestinus
1386 2651 1434 2712 clt.
1450 2671 1516 2734 cap.
1533 2656 1572 2715 18

495 2752 630 2814 expresse
645 2732 816 2813 profitetur,
833 2751 896 2794 sese
914 2733 974 2810 juri
991 2735 1067 2794 civili
1087 2734 1243 2816 derogare,
1260 2735 1304 2794 uti
1322 2741 1401 2813 patet
1420 2751 1455 2794 ex
1473 2735 1572 2796 verbis

493 2834 555 2877 aon
566 2814 790 2897 obstentejuria
803 2813 901 2877 civilia
912 2816 1009 2897 rigore
1023 2816 1177 2879 sancimus
1190 2824 1243 2877 etc.
1259 2819 1323 2879 Non
1341 2816 1458 2895 ignoro,
1483 2836 1573 2896 quem

494 2897 596 2958 multae
612 2898 672 2959 sint
687 2897 783 2957 turbe
798 2896 836 2957 de
853 2898 1095 2975 interpretatione
1108 2916 1176 2959 con.
1196 2895 1437 2979 lledlateyroeda
1462 2916 1530 2978 cap.
1554 2902 1572 2961 ὅ

494 2999 548 3062 qu.
575 2983 605 3041 l.
630 2977 688 3040 Sed
713 2976 788 3039 mibi
814 2978 1001 3058 perspicuum
1029 2979 1162 3055 videtur,
1188 2997 1256 3039 eum
1271 2997 1409 3038 canonem
1429 2978 1458 3037 id
1479 2979 1571 3055 velle,

493 3060 574 3139 quod
594 3062 683 3121 etiam
699 3058 767 3137 jure
788 3059 866 3120 civili
884 3060 1028 3120 sancitum
1048 3069 1106 3134 est,
1128 3068 1162 3120 nt
1179 3078 1354 3139 quamquam
1381 3058 1571 3121 interdictum

494 3141 576 3204 unde
597 3142 629 3202 oi
650 3143 754 3203 annale
781 3141 819 3201 sit
838 3144 869 3203 L.
891 3145 905 3203 l
928 3140 963 3238 ff.
987 3138 1022 3201 de
1040 3142 1072 3202 oi
1093 3150 1120 3201 et
1142 3141 1176 3202 oi
1195 3158 1291 3217 orm,
1310 3149 1407 3201 tamen
1431 3152 1572 3219 perpetua

495 3224 534 3282 sit
562 3224 751 3302 persequutio
777 3240 879 3283 rerum
908 3242 936 3283 vr
961 3221 1120 3283 ablatarum
1143 3226 1176 3283 L.
1199 3219 1314 3303 penult.
1337 3220 1372 3305 ff.
1396 3221 1431 3283 ele
1454 3223 1570 3285 loterel.

494 3303 576 3365 Nihil
588 3304 654 3363 dico
668 3304 707 3363 de
720 3303 780 3363 lide
790 3312 820 3363 et
833 3305 1006 3363 auctoritate
1020 3304 1151 3383 ejusdem
1166 3304 1299 3378 canonis,
1315 3322 1401 3382 quem
1418 3306 1573 3366 Gratianus

494 3382 636 3442 adscribit
658 3385 763 3445 toanni
788 3387 814 3444 1.
840 3387 875 3444 P.
902 3384 934 3443 in
959 3402 1004 3465 ep.
1033 3383 1074 3446 ad
1098 3381 1280 3446 Zachariam
1304 3382 1491 3466 orcbieptec„
1519 3387 1572 3447 sed

495 3464 616 3524 loannis
628 3480 731 3523 revera
750 3481 810 3523 non
824 3471 879 3524 est.
900 3466 1025 3525 consule
1043 3466 1204 3528 Berardum
1222 3464 1363 3527 Gratiani
1380 3484 1504 3527 conones
1520 3484 1573 3549 pe·

495 3542 586 3605 acini
600 3551 653 3603 etc.
665 3561 736 3624 por.
750 3546 769 3603 2
785 3551 857 3603 tom.
874 3546 887 3604 1
903 3562 970 3627 cap.
988 3548 1038 3608 50.

546 3668 579 3768 ς.
612 3669 703 3741 Vlll.
732 3668 756 3741 S
801 3669 884 3741 lium
921 3673 972 3743 rel
1001 3678 1218 3773 exceptionis,
1254 3677 1303 3748 rel
1335 3677 1467 3747 actionis
1497 3672 1570 3747 loco

497 3770 707 3865 proponitur.
758 3695 921 3863 lloxoeptio
953 3775 1097 3866 pertinet
1129 3773 1170 3843 ad
1209 3772 1429 3870 repellendam
1465 3774 1572 3841 inten-

498 3869 620 3935 tionem
654 3867 770 3935 actoris
807 3865 884 4029 31),
926 3870 984 3962 qui
1022 3892 1089 3939 non
1127 3870 1278 3960 auditur,
1328 3872 1387 3940 nisi
1427 3870 1572 3965 primum

497 3988 568 4034 rem
605 3962 724 4059 injuria
772 3959 913 4030 abatem
956 3966 1105 4035 restituat
1143 3966 1223 4063 (2),
1274 3993 1376 4064 eaque
1420 3964 1572 4063 spolianti

497 4075 611 4131 contra
643 4058 820 4154 spoliatum
857 4082 898 4128 ex
935 4084 1142 4159 quacumque
1173 4090 1267 4135 eausa
1309 4066 1417 4157 agenti
1446 4064 1572 4159 opponi

498 4171 625 4249 potest,
664 4158 725 4225 nisi
759 4153 800 4226 tle
829 4179 924 4226 causa
951 4156 1159 4231 ecclesiastiea
1185 4162 1287 4255 egerit
1315 4162 1381 4257 (ὅ).
1411 4160 1458 4229 Dc
1482 4161 1571 4231 tertii

498 4251 602 4347 spolio
629 4256 777 4350 excipere
808 4257 925 4349 nequit
965 4279 1063 4347 reus,
1100 4262 1161 4330 nisi
1199 4262 1234 4328 in
1262 4256 1499 4349 criminalibus,
1545 4260 1571 4327 si
