3575 5625
919 659 969 674 ..
994 617 1068 689 568
1091 659 1142 674 ..

494 793 568 868 quse
609 770 693 842 sorte
734 767 899 866 judicium
944 765 1117 838 hominum
1145 779 1261 933 posset
1299 762 1464 861 effugere,
1502 765 1559 838 bei

493 885 580 940 uerte
602 892 671 938 uon
698 880 819 961 posset.
853 867 961 963 Atque
991 863 1054 936 hoo
1086 864 1145 960 qui
1168 889 1223 934 em
1249 862 1415 934 cambium
1436 864 1558 960 fiotum

494 981 527 1036 et
547 969 682 1038 meum
711 961 914 1060 appellamus
946 962 1014 1059 (ἢ).

534 1135 576 1218 (t)
591 1136 697 1198 Confer
713 1138 815 1197 Sotum
829 1132 865 1198 de
877 1133 956 1218 jort.
981 1132 1033 1196 lib.
1057 1136 1145 1218 bqa.
1166 1134 1225 1210 103
1244 1117 1408 1198 baratrum
1425 1132 1556 1196 merod.
1647 1078 1648 1143 i

494 1218 613 1300 capii
635 1236 721 1280 oum.
745 1218 804 1278 289
830 1213 871 1277 ud
886 1217 962 1291 ‘2953
985 1216 1125 1278 Molinam
1145 1213 1181 1277 de
1200 1213 1324 1278 cambire
1347 1223 1455 1300 potest.
1477 1219 1557 1293 b,et
1647 1226 1648 1237 ¹

495 1299 632 1360 biolinam
647 1297 682 1360 da
697 1305 841 1360 contrari.
857 1304 945 1358 treet.
962 1293 1024 1359 ad.
1040 1301 1112 1359 tot.

534 1377 576 1460 (2)
590 1379 708 1443 cambia
722 1379 798 1441 nera
811 1379 1017 1458 improbantur
1033 1399 1050 1440 a
1068 1381 1121 1441 Pio
1138 1381 1181 1442 tv
1194 1379 1227 1441 in
1243 1387 1337 1442 conat.
1359 1379 1437 1440 Cant
1457 1377 1553 1440 sirati

494 1467 564 1522 torn.
590 1465 694 1544 ὅρων.
720 1457 1016 1523 tibullumitomora.
1033 1479 1108 1544 pop.
1133 1465 1167 1539 t,
1189 1463 1355 1525 etaSPio
1377 1458 1453 1524 Vin
1471 1465 1556 1520 ronst.

493 1545 534 1606 Ia
548 1561 615 1606 eam
629 1545 687 1606 ¹62
702 1551 772 1605 tom.
784 1545 804 1604 t
816 1561 886 1625 par.
901 1545 921 1604 5
930 1561 1004 1626 pop.
1021 1545 1094 1606 tib.

542 1720 574 1822 ς.
607 1721 739 1794 XXVI.
777 1719 843 1794 Sed
879 1722 1053 1794 bominum
1090 1721 1265 1794 calliditate
1301 1719 1391 1792 aliud
1428 1734 1479 1791 ast
1517 1722 1558 1789 in-

493 1836 629 1892 ventum
675 1821 793 1892 cambii
839 1845 963 1918 genus,
1008 1819 1100 1920 quod
1139 1822 1322 1916 oblt'qutem
1364 1815 1555 1916 appellatur.

492 1915 572 1990 Haeo
605 1931 715 1989 autem
750 1920 820 2018 ejus
852 1916 1067 1992 contrahendi
1096 1920 1179 1990 ratio
1209 1933 1270 1989 est.-
1302 1917 1410 1988 Titius
1436 1942 1456 1986 a
1485 1913 1557 2012 Cajo

495 2030 626 2087 mutuos
660 2017 745 2112 petit
776 2041 890 2089 aureos
921 2039 1075 2088 nummos
1111 2015 1224 2106 mille,
1266 2015 1386 2112 quibus
1415 2011 1554 2107 indigem

492 2111 548 2184 sed
580 2112 635 2184 hio
674 2116 831 2210 negotiari
865 2130 900 2185 et
936 2129 1103 2210 quoestum
1141 2139 1181 2184 ex
1218 2115 1439 2209 negotiatione
1462 2110 1556 2182 iaoere

491 2209 574 2283 solet
612 2227 645 2282 et
686 2211 759 2283 ideo
795 2237 828 2282 se
866 2209 991 2308 aliquid
1026 2211 1182 2282 daturum
1217 2225 1327 2305 negat.
1364 2209 1468 2279 Instat
1501 2207 1552 2277 Ti·

459 2303 576 2392 'tius,
613 2333 650 2378 ao
677 2307 820 2404 denique
850 2311 893 2379 ita
926 2334 976 2379 res
1004 2310 1233 2406 componitur,
1270 2323 1309 2377 ut
1337 2311 1407 2403 ipse
1444 2302 1554 2400 aCajo

491 2419 623 2475 mutuos
652 2405 787 2501 accipiat
819 2430 934 2477 aureos
961 2431 1115 2478 nummos
1142 2405 1253 2494 mille,
1291 2430 1374 2502 quos
1400 2401 1553 2500 postulat,

491 2525 528 2570 ao
556 2501 638 2571 nihil
672 2518 807 2598 propter
839 2519 993 2574 mutuum
1021 2502 1143 2592 solvat,
1175 2528 1288 2573 verum
1316 2529 1359 2573 ne
1390 2500 1470 2599 quid
1501 2498 1555 2568 de·

492 2599 639 2670 trimeuti
677 2595 773 2696 Cajus
804 2617 941 2697 propter
971 2617 1125 2673 mutuum
1160 2602 1284 2697 capiat,
1319 2599 1417 2670 datur
1452 2599 1481 2668 ei
1516 2595 1555 2666 ia·

491 2695 593 2766 eultas
626 2695 738 2766 similis
772 2695 814 2767 ab
848 2723 882 2768 ae
911 2701 1003 2796 ipso,
1038 2715 1094 2770 aut
1124 2698 1165 2770 ab
1192 2698 1253 2768 aiio
1280 2693 1473 2795 accipienda
1501 2717 1555 2789 pe·

492 2794 615 2883 cuuiae,
663 2820 764 2891 quam
806 2795 934 2868 cambio
979 2813 1118 2894 oooupet
1161 2811 1197 2867 et
1237 2820 1315 2867 aum
1354 2820 1419 2893 qus
1467 2816 1555 2885 nego·

1647 2738 1649 2852 i

491 2891 603 2961 tietur.
652 2892 756 2963 Titius
800 2908 910 2965 autem
945 2894 1106 2991 spondet,
1152 2920 1186 2965 se
1232 2892 1311 2993 Cajo
1357 2892 1551 2976 soluturum,
1647 2895 1648 2926 ³

491 2986 597 3059 donee
635 3006 787 3059 mutuum
841 2994 1034 3104 restituat„
1061 2990 1223 3088 quidquid
1275 2995 1343 3088 ipse
1382 2986 1550 3086 impendit,

490 3100 547 3155 aut
581 3086 771 3183 impendere
811 3086 966 3176 deberet,
1010 3114 1036 3158 st
1076 3114 1189 3161 aureos
1220 3113 1374 3160 nummos
1414 3086 1500 3157 mille
1535 3108 1552 3149 a

357 3229 366 3236 -
493 3187 653 3257 mensurio
682 3186 866 3281 aooepisset.

539 3374 570 3474 ὃ.
595 3377 742 3449 XXVII.
773 3378 946 3452 interdum
979 3381 1085 3453 Titius
1113 3384 1182 3478 ipse
1213 3406 1297 3455 onus
1318 3382 1453 3477 suscipit
1478 3403 1551 3451 ram·

490 3473 544 3544 bio
576 3475 759 3571 occupandi
792 3480 854 3547 rim
885 3493 1011 3550 tantam
1047 3482 1215 3575 pecuniae,
1244 3495 1402 3578 quantam
1434 3504 1453 3548 a
1482 3474 1552 3574 Cajo

492 3586 641 3641 mutuam
667 3575 810 3670 accepit,
846 3578 891 3645 ita
924 3591 1035 3649 tamen
1067 3593 1105 3648 ut
1138 3594 1250 3674 partus
1286 3603 1326 3671 ex
1357 3602 1395 3648 aa
1422 3576 1552 3669 negotia·

492 3669 579 3739 tione
607 3686 749 3764 quaestus
776 3675 940 3769 pertineat
965 3672 1008 3743 ad
1032 3671 1169 3772 Cajum,
1202 3677 1255 3746 oui
1283 3676 1457 3772 quotannis
1479 3669 1552 3741 alter

490 3764 627 3931 pendet,
657 3765 762 3839 donee
792 3786 945 3841 mutuum
975 3774 1143 3862 restituat,
1174 3789 1337 3869 quantum
1369 3798 1410 3845 ex
1437 3767 1551 3842 cambio

504 3865 574 3934 ucri
609 3862 702 3955 ierit,
746 3882 803 3939 aut
841 3883 1003 3964 quantum
1033 3868 1138 3942 facere
1166 3885 1284 3967 posset.
1326 3869 1413 3941 Cum
1455 3866 1503 3937 iiia
1535 3888 1551 3931 a

488 3975 661 4033 mutuante
696 3966 873 4059 negotiatio
908 3980 958 4036 est
993 3966 1194 4058 exeroenda‘,
1236 3971 1306 4066 ejus
1338 3982 1389 4038 ert
1428 3966 1552 4037 demon·

488 4074 608 4151 strare,
636 4059 753 4131 cambii
787 4060 911 4133 litteras
940 4062 982 4134 ab
1010 4090 1045 4136 se
1074 4063 1164 4137 datas
1190 4066 1307 4155 fuisse,
1338 4080 1397 4135 aut
1423 4088 1486 4134 sese
1514 4058 1551 4129 ab

489 4154 551 4229 alio
592 4184 650 4253 per
684 4157 848 4229 cambium
889 4160 979 4231 mille
1023 4187 1137 4234 aureos
1176 4188 1330 4234 nummos
1372 4161 1549 4236 obtinuisse.
