3575 5625
656 654 878 726 ,175-

228 818 315 873 teros
346 802 516 899 episcopos
543 815 738 897 potestatem
771 818 805 873 et
839 803 1100 902 jurisdictionem
1143 806 1304 880 attribuit.

230 900 333 995 lltqui
382 898 558 997 appellatio
591 901 782 995 provocatio
826 918 874 971 est
918 902 960 971 ab
999 902 1151 976 inferiore
1195 905 1308 1001 judice

229 996 270 1065 ad
303 1000 519 1093 superiorem.
559 994 646 1093 Ergo
678 1022 755 1067 curn
786 1001 936 1069 omnium
970 998 1142 1072 hominum
1174 1018 1310 1074 senten-

228 1096 284 1167 tiae
312 1097 418 1165 errori
451 1094 600 1183 subsint,
643 1119 719 1164 cum
753 1118 889 1191 aequum
940 1122 977 1167 ac
1011 1102 1226 1171 necessarium
1268 1102 1310 1171 sit

227 1190 405 1263 emendare
438 1214 610 1281 errorem,
639 1193 697 1288 qui
727 1189 820 1263 alteri
853 1195 1031 1289 perniciem
1070 1194 1190 1285 affert,
1234 1222 1309 1267 cnm

228 1288 280 1360 hic
328 1312 420 1361 error
466 1292 678 1384 asuperiore
720 1291 908 1384 magistratu
952 1316 1013 1387 per
1059 1293 1310 1390 appellationem

227 1389 269 1456 sit
298 1384 546 1475 emendandus,
571 1411 647 1457 curn
681 1383 801 1457 Christi
836 1390 1042 1461 institutione
1081 1414 1195 1462 omnes
1223 1393 1311 1487 epis·

229 1487 306 1581 copi
348 1508 440 1579 pares
471 1498 632 1580 potestate
664 1484 749 1573 sint,
781 1510 818 1555 ac
852 1511 952 1558 nemo
989 1490 1025 1557 in
1060 1485 1160 1558 alium
1194 1487 1311 1559 habeat

226 1578 513 1678 jurisdictionem
558 1606 759 1677 consequens
798 1597 867 1671 est,
900 1600 939 1654 ut
974 1600 1105 1655 tautum
1143 1586 1308 1675 Pontifex,

229 1681 284 1749 cui
311 1680 369 1749 uni
400 1678 471 1749 haec
492 1677 678 1777 jurisdictio
704 1693 739 1751 et
765 1694 909 1776 potestas
937 1682 974 1753 in
997 1707 1111 1752 omnes
1142 1684 1217 1753 data
1240 1700 1308 1772 est,

231 1774 370 1847 aliorum
406 1778 633 1873 episcoporum
669 1778 844 1847 sententias
879 1802 899 1847 e
944 1779 1054 1850 medio
1102 1779 1218 1850 tollere
1257 1796 1312 1850 at·

231 1900 297 1971 que
333 1872 488 1968 abrogare
517 1878 629 1971 possit.
663 1873 702 1944 ld
734 1898 810 1945 reru
848 1889 916 1965 est,
959 1876 1048 1973 quod
1073 1876 1129 1973 jus
1162 1874 1310 1973 appella-

233 1973 332 2044 tionis
362 1996 526 2043 vocamus.

281 2141 312 2241 §.
340 2140 452 2213 XXII.
478 2140 557 2215 Post
581 2140 700 2213 Christi
732 2158 871 2216 mortem
899 2146 1003 2214 risum
1030 2160 1078 2214 est
1107 2144 1185 2216 alios
1212 2149 1309 2217 etiam

231 2242 432 2313 constituere
467 2243 691 2336 magistratus,
733 2244 791 2338 qui
832 2268 962 2313 summo
1004 2241 1156 2313 Pontifici
1196 2244 1311 2315 subes-

230 2352 327 2427 sent,
362 2354 540 2434 praeessent
574 2354 684 2409 tamen
718 2340 895 2436 eiscopisa
936 2338 993 2410 sed
1030 2339 1065 2408 id
1099 2341 1166 2411 sola
1200 2340 1311 2413 bomi-

230 2460 317 2506 num
353 2434 425 2529 lege
458 2435 582 2508 sactum
623 2451 683 2507 est.
750 2438 881 2507 imirum
916 2462 993 2508 cum
1026 2437 1143 2508 Petrus
1177 2439 1312 2536 ejusque

228 2557 430 2603 successores
451 2534 592 2606 Romani
620 2530 810 2624 Pontifices,
837 2560 898 2605 nec
923 2534 1046 2631 ubique
1074 2551 1199 2630 praesto
1221 2561 1309 2625 esse,

228 2656 297 2703 nec
342 2629 492 2703 omnibus
537 2634 685 2703 omnium
733 2634 961 2728 episcoporum
1004 2636 1141 2727 negotiis
1188 2633 1311 2730 ubique

228 2743 421 2826 opportune
457 2727 627 2801 consulere
660 2745 811 2826 possent,
852 2729 1061 2803 ecclesiastica
1108 2731 1312 2801 institutione

227 2828 399 2922 prouisum
438 2843 506 2918 est,
547 2843 585 2897 ut
626 2853 835 2924 unaquaeque
869 2829 1035 2925 pruvincia
1072 2825 1206 2898 haberet
1239 2830 1312 2898 An-

228 2926 391 3014 tistitem,
431 2927 488 3022 qni
514 2926 585 3022 ejus
612 2927 768 3022 episcopis
806 2942 840 2996 et
875 2929 910 2996 in
938 2927 1051 3021 quavis
1080 2926 1193 3024 majori
1225 2924 1312 2995 dite-

229 3024 295 3093 cesi
317 3047 403 3092 unus
425 3025 505 3094 item
525 3037 608 3094 esset
633 3023 794 3114 Antistes,
823 3025 936 3119 quiet
966 3022 1013 3092 illi
1041 3038 1075 3092 et
1102 3025 1132 3092 ei
1161 3021 1312 3119 subjectis

228 3121 390 3214 episcopis
440 3119 641 3217 praeaitleret.
687 3121 736 3191 lta
783 3120 1000 3216 metropolitae
1047 3136 1081 3189 et
1123 3117 1313 3215 patriarchae

229 3219 374 3288 instituti
416 3232 512 3308 sunt,
549 3221 684 3289 omnino
713 3243 752 3287 ex
781 3216 853 3313 lege
889 3216 1117 3304 ecclesiastica,
1158 3239 1228 3286 non
1259 3214 1314 3285 di·

229 3317 332 3400 vina,
372 3329 406 3384 et
440 3317 587 3412 utrisque
625 3314 700 3386 data
735 3329 813 3386 sunt
844 3315 920 3412 jura
958 3339 1071 3386 eorum
1110 3311 1313 3408 praefectutae

229 3429 265 3483 et
285 3410 526 3510 jurisdictionis
560 3416 704 3510 propria.
736 3411 828 3484 Inter
859 3429 967 3484 cetera
1002 3435 1078 3482 vero
1111 3410 1224 3480 datum
1266 3426 1314 3482 est

225 3511 281 3606 jus
324 3509 572 3606 appellationis,
616 3509 706 3607 quod
745 3509 896 3582 aduersus
938 3512 1081 3606 episcopi
1121 3511 1315 3580 sententiam

230 3607 478 3702 metropolitae,
534 3607 685 3678 adversus
732 3611 927 3679 sententiam
981 3605 1197 3704 metropolitae
1254 3632 1315 3702 pa·

229 3703 385 3774 triarchae
414 3707 587 3801 competit,
631 3703 721 3801 qood
760 3704 815 3775 ille
856 3707 1034 3802 episcopis,
1078 3705 1131 3775 hic
1168 3727 1245 3775 reru
1281 3719 1315 3774 et

230 3805 394 3899 episcopis
423 3818 456 3874 et
486 3801 700 3898 metropolitis
729 3804 875 3899 superior
899 3818 947 3874 eat
973 3801 1040 3898 (l).

231 3981 1177 4146 attttttttttttatttttttttnttttt
1194 3982 1315 4124 etl?

237 4174 250 4200 ιι
265 4151 309 4209 Ut
321 4165 337 4206 a
349 4145 739 4226 quibuscumquejndicibus
751 4148 949 4210 ecclesiasticis
960 4147 998 4207 ad
1013 4147 1084 4207 alios
1094 4146 1209 4224 judices
1222 4142 1315 4204 eccle-

231 4229 384 4308 siasticae,
401 4227 454 4288 nbi
465 4235 508 4289 est
519 4229 612 4308 major
626 4231 798 4310 auctoritas,
811 4255 823 4284 u
840 4247 998 4311 provocare
1012 4229 1108 4288 liceat.

271 3983 302 4066 (l
