3575 5625
876 661 1096 731 -166-

445 811 471 880 si
502 807 754 905 appellationem
795 809 1022 902 interpositam
1055 825 1089 878 et
1120 806 1291 878 admissam
1323 807 1417 880 luisse
1449 824 1520 880 tec-

445 923 580 996 tentur,
615 906 804 976 dimissorias
839 903 1015 992 dicuntur,
1055 905 1280 976 reverentiales
1318 923 1452 997 autem,
1492 910 1519 977 si

444 1004 487 1075 ob
514 1005 689 1100 superioris
720 1003 937 1074 reverentiam
974 1003 1144 1098 probatam
1173 1003 1426 1102 appellationem
1463 1031 1521 1077 os·

444 1101 603 1192 tendant,
632 1126 702 1172 non
718 1099 809 1197 quod
834 1124 905 1171 eam
927 1125 1020 1171 eausa
1044 1099 1208 1198 postulare
1241 1101 1410 1188 rideatur,
1440 1126 1521 1200 pos-

442 1214 549 1270 tremo
570 1203 596 1268 si
627 1213 808 1288 testentur,
833 1222 906 1269 eam
937 1223 1004 1269 esse
1034 1201 1208 1294 rejectam,
1239 1201 1438 1272 refutatoriae
1465 1226 1521 1296 ap·

442 1297 620 1392 pellantur.
654 1296 827 1367 Interdum
862 1294 968 1366 Judex
1008 1321 1077 1367 non
1113 1299 1188 1368 satis
1222 1297 1393 1392 iutelligit,
1436 1322 1518 1368 num

442 1393 649 1466 concedenda
688 1397 731 1466 sit
762 1393 958 1490 appellatio,
988 1419 1030 1464 au
1069 1419 1184 1483 secus,
1216 1412 1250 1468 et
1279 1412 1359 1469 tuuc
1398 1419 1519 1466 conce-

444 1490 494 1562 dit
521 1492 772 1582 testimoniales,
806 1515 883 1589 qute
910 1493 977 1560 rim
1004 1493 1169 1588 accipiunt
1202 1519 1220 1562 a
1249 1495 1346 1591 jure,
1378 1492 1520 1589 ideoque

443 1591 649 1687 suspendunt
677 1615 826 1679 eaumm,
845 1591 871 1659 si
901 1587 1008 1659 danda
1041 1589 1214 1687 appellatio
1240 1607 1334 1680 erat,
1367 1593 1521 1690 rejiciunt

443 1706 575 1775 autem,
602 1690 628 1758 si
658 1704 728 1760 erat
754 1686 958 1782 deneganda.
991 1685 1084 1772 Quin
1111 1690 1209 1759 etiam
1241 1688 1439 1785 litigantium
1466 1688 1520 1758 al-

443 1800 494 1857 ter
517 1811 606 1882 saepe
639 1789 844 1884 interpositae
872 1783 1083 1882 appellationi
1113 1789 1307 1874 assentitur3
1346 1803 1380 1858 et
1413 1801 1517 1874 tunc,

444 1887 521 1978 quia
557 1901 665 1979 partes
694 1887 775 1981 ipsae
808 1883 850 1954 de
883 1883 1102 1979 apellatione
1137 1887 1359 1975 conveniunt,
1397 1881 1519 1956 dicun·

443 1997 498 2052 tur
526 1981 662 2076 apostoli
689 1911 963 2054 conventionales.

484 2125 526 2206 (t)
547 2126 644 2188 Verba
664 2126 727 2187 haee
744 2133 813 2187 sunt
826 2127 966 2188 llareiani
983 2128 1015 2188 in
1032 2105 1142 2190 hau.
1168 2127 1204 2210 ff.
1225 2125 1260 2190 de
1285 2125 1375 2190 tibet.
1398 2126 1516 2192 dinan.

443 2225 535 2283 eaque
548 2207 702 2286 descripsit
716 2209 873 2271 Gratianus
890 2210 922 2268 in
938 2213 1061 2270 Dentato
1074 2229 1141 2271 oon.
1159 2211 1194 2271 51
1212 2229 1278 2291 eap.
1293 2213 1312 2271 2
1326 2230 1379 2294 qu.
1392 2213 1423 2272 6.
1441 2214 1519 2273 'l'ntn

442 2289 504 2383 ipse
518 2292 674 2351 Gratianus
687 2291 844 2385 formulam
856 2293 1012 2387 proposuit,
1020 2294 1220 2372 apostolorum
1232 2292 1279 2353 his
1291 2293 1410 2355 verbis:
1429 2317 1442 2346 a
1458 2296 1518 2374 Ego

441 2369 1518 2536 tttttttttt¹¹t¹·ttltttttttttttttttttt,ttt

441 2533 608 2612 appellasti,
636 2534 673 2595 ab
695 2535 898 2596 observatione
915 2537 974 2596 mei
992 2536 1097 2616 judicii
1118 2538 1165 2599 his
1185 2537 1321 2617 apostolis
1341 2537 1471 2600 dimitto.
1498 2563 1511 2592 a

483 2615 525 2696 (ἢ)
546 2619 578 2677 L.
598 2616 703 2698 lOdff.
720 2615 756 2678 de
772 2613 856 2678 Venit.
872 2615 1000 2699 aipnifie.

490 2745 520 2847 §.
569 2745 634 2818 Xl.
685 2747 831 2845 Antiquo
875 2751 953 2847 jure
1002 2748 1219 2847 petebantur,
1275 2751 1517 2849 accipiebantur

441 2863 474 2916 et
496 2843 719 2915 reddebantur
750 2844 887 2942 apostoli
923 2850 1010 2917 intra
1048 2848 1133 2918 diem
1166 2852 1319 2946 quintum
1356 2866 1429 2947 post
1460 2852 1518 2921 in-

440 2945 630 3040 terpositam
663 2941 917 3037 appellationem
958 2942 1035 3039 (l);
1090 2946 1160 3015 ‘ure
1194 2972 1277 3019 noro
1319 2950 1403 3018 intra
1449 2946 1517 3019 dies

441 3043 593 3137 triginta,
620 3066 638 3110 a
666 3040 732 3110 lata
763 3045 944 3129 sententia,
975 2972 1109 3136 petendi
1138 3058 1172 3113 et
1202 3043 1374 3141 ajudice,
1402 3070 1420 3114 a
1497 3070 1516 3117 o

441 3138 644 3234 appellatur,
671 3137 873 3232 litigantibus
897 3138 1074 3211 exhibendi
1099 3156 1176 3211 suut
1198 3140 1264 3237 (ἓ).
1297 3141 1388 3227 Quin
1412 3143 1452 3240 ju
1477 3168 1516 3213 ex

441 3240 539 3305 etiam
576 3262 644 3308 non
680 3238 806 3330 petenti
838 3236 1000 3333 apostolos
1039 3236 1117 3307 dare
1159 3238 1258 3309 debet
1288 3240 1364 3336 (5):
1404 3265 1516 3311 rernm

441 3331 476 3399 hi
500 3349 577 3401 sunt
603 3331 763 3427 petendi,
798 3334 824 3402 si
859 3333 915 3403 ille
946 3332 1045 3405 officii
1073 3338 1121 3405 sui
1150 3335 1297 3434 partibus
1329 3361 1398 3410 non
1429 3338 1517 3407 satis·

440 3427 547 3498 faeiat.
577 3427 744 3498 Petuntur
776 3444 885 3497 autern
913 3435 1151 3505 immitteret
1179 3438 1331 3532 emptica,
1369 3462 1412 3507 ne
1468 3436 1515 3503 uis

440 3550 474 3593 se
502 3523 727 3620 appellationis
763 3523 924 3597 beneficio
957 3527 1118 3601 abdicasse
1154 3530 1301 3601 rideatur
1328 3532 1394 3630 (4).
1430 3460 1513 3603 llam

440 3622 498 3718 qui
534 3623 619 3692 intra
660 3636 809 3716 tempora
854 3627 1036 3719 praestituta
1076 3627 1237 3723 apostolos
1284 3653 1354 3700 non
1390 3631 1513 3725 petiit,

440 3719 582 3813 accepit,
631 3716 795 3807 reddidit,
842 3724 1086 3818 praescriptione
1128 3724 1296 3823 repellitur
1334 3727 1412 3823 (5),
1453 3724 1515 3797 hoc

440 3829 552 3886 autem
592 3829 722 3912 tempus
764 3816 869 3915 judex
917 3818 1110 3891 contrahere
1155 3838 1281 3919 potest,
1333 3822 1516 3920 producere

440 3938 517 3985 vero
546 3936 614 3983 non
647 3929 754 4008 potest
786 3916 852 4010 (6).
889 3912 954 3987 Sed
989 3942 1079 3989 nuuc
1111 3918 1178 3992 fere
1215 3918 1325 3991 nullus
1362 3924 1398 3991 in
1443 3920 1515 3992 foro

441 4027 488 4083 est
524 4009 746 4107 apostolorum
783 4038 859 4083 usas
899 4011 972 4110 (7),
1006 4040 1043 4085 ae
1080 4041 1139 4111 per
1176 4016 1325 4089 libellum
1365 4015 1515 4114 appella·

441 4110 537 4179 tionis
579 4110 665 4179 intra
697 4107 892 4182 decendium
934 4115 969 4184 in
1005 4116 1083 4185 actis
1118 4114 1299 4186 exhibitum
1341 4114 1517 4212 appellatio

441 4206 674 4302 interponitur.
