3575 5625
714 658 859 729 -285
886 702 935 717 -

284 810 384 869 Veaet.
405 808 488 867 lllh
505 805 625 885 quidam
646 807 714 869 libri
737 807 958 887 improbantem
981 809 1032 870 sed
1049 818 1134 873 notro
1155 813 1286 877 simile-a
1307 820 1358 877 Za·

278 888 378 949 chorio
396 888 538 950 Pontihce
552 888 704 949 decretum
720 890 858 949 emissum
875 889 989 964 luerat,
1010 890 1051 949 uli
1070 892 1204 953 observat
1226 894 1359 959 Pithoeus

278 966 416 1032 Glaesar.
439 968 481 1030 ad
497 966 621 1050 capital.
649 968 728 1031 verh.
752 976 899 1033 tractatas
916 967 1056 1032 catholici
1072 982 1141 1033 tam.
1162 978 1181 1036 2
1202 974 1257 1040 cat.
1284 981 1355 1040 dih.

277 1056 323 1113 Ac
345 1068 384 1111 ne
404 1054 503 1112 omnic
522 1066 696 1129 persequar,
720 1068 817 1113 nonne
833 1055 890 1113 Leo
915 1052 1084 1114 llhntheri
1108 1055 1198 1117 libros
1219 1060 1359 1121 condem-

190 1131 195 1140 '
277 1134 383 1194 norit?
397 1134 480 1195 ldem
493 1140 592 1211 postea
607 1134 715 1193 lactum
731 1140 774 1193 est
785 1153 802 1193 a
815 1133 919 1213 Camlp
932 1137 974 1209 V,
990 1134 1042 1195 sed
1057 1133 1104 1195 his
1118 1136 1247 1213 primum
1262 1141 1358 1203 edicto

277 1216 414 1293 monuit,
434 1234 468 1277 en
482 1214 592 1295 scripta
606 1232 668 1275 esse
686 1232 836 1276 osantmo
856 1214 987 1297 Pantifi,
1003 1216 1179 1279 auctaritate
1196 1237 1254 1281 aaa
1271 1241 1359 1303 apor-

278 1292 389 1373 loh'ca,
415 1304 451 1357 at
470 1294 682 1377 premittitur,
707 1293 863 1357 damnata.
889 1296 1072 1359 Theodosius
1092 1300 1206 1377 primus
1226 1321 1294 1363 cum
1314 1323 1357 1367 se·

278 1377 420 1439 dactnsn
440 1376 624 1457 Chrysophia
642 1376 832 1438 monothelita
851 1378 954 1439 luisset
969 1378 1048 1460 (vide
1065 1380 1136 1441 51³.
1156 1399 1236 1443 coac.
1255 1380 1354 1449 Chalc.

279 1476 350 1540 cap.
375 1460 413 1519 l0
429 1466 499 1521 tan.
520 1461 541 1518 h
561 1454 666 1520 concil.
684 1458 789 1519 Lahhel
810 1457 856 1519 ed.
880 1460 981 1522 venet.
1001 1457 1056 1521 cal.
1070 1461 1162 1543 1807)
1176 1462 1356 1527 Theodoreti

281 1540 391 1617 scripta
405 1540 537 1600 nondum
551 1540 589 1601 ab
610 1539 728 1600 ecclesia
746 1536 910 1618 improbata
935 1541 1100 1618 damnavit3
1123 1560 1227 1605 verim
1241 1546 1357 1608 chalce·

279 1620 412 1681 dunense
432 1620 606 1697 concilium,
632 1622 676 1681 uti
701 1628 813 1681 constat
834 1638 871 1683 ex
889 1625 959 1684 dat.
986 1626 1099 1685 diam.
1124 1626 1144 1685 l
1166 1625 1271 1687 concil.
1298 1627 1354 1690 col.

282 1704 365 1765 ldhh
383 1700 452 1765 eall.
472 1702 596 1777 labbei,
615 1702 695 1765 nulla
713 1702 936 1781 imperatorlsal
976 1702 1000 1764 's
1014 1704 1114 1765 hahita
1127 1708 1242 1769 ratione
1258 1708 1357 1773 Theo-

279 1782 418 1845 doretnm
438 1782 563 1846 absolvit
575 1802 694 1863 suasque
711 1784 773 1847 sedi
789 1722 1147 1865 restituit,⁶h'inoepsque
1168 1789 1302 1851 mmdem
1317 1792 1357 1853 lc·

278 1882 348 1945 gem
361 1865 585 1927 Valentinianus
595 1864 1175 1947 etllarcionusahragaruntdeclarantes.
1191 1894 1203 1921 a
1216 1871 1302 1947 Quod
1313 1873 1357 1933 in·

275 1946 355 2023 justa
367 1948 510 2007 sententia
524 1945 598 2008 nihil
613 1945 690 2007 obsit
701 1944 825 2007 llnsehio
837 1966 955 2026 quaque
968 1954 997 2008 et
1011 1947 1197 2011 Theodoreto
1212 1952 1356 2033 religiosis

277 2028 443 2169 {little
471 2026 967 2188 tltlttnlttlllt‘llt
983 2031 1357 2189 ll‘lhiulm'allifflil

853 2150 862 2185 l

279 2200 447 2251 conservata
462 2191 604 2270 religione
615 2190 782 2283 decretum,
796 2216 809 2243 a
829 2192 985 2251 concilium
999 2192 1234 2285 dhalcedoncnm
1247 2214 1318 2276 par.
1336 2199 1355 2258 5

277 2273 403 2413 haeredit:
429 2268 1212 2435 hlodhadlhiipatdmhyphagtcfthlsllenchhisohhdrtheflfflhhgh
1229 2281 1356 2421 zecehffi:

277 2432 413 2512 despexit
433 2442 522 2513 atque
540 2434 665 2513 rejecit?
691 2437 773 2512 Sapo
797 2436 886 2495 etiam
912 2435 978 2497 laici
1003 2436 1153 2515 Principes
1171 2441 1356 2518 gravissimas

278 2522 383 2575 eontm
400 2514 551 2577 hereticos
569 2515 690 2577 edidere
709 2515 803 2595 leges,
823 2534 926 2577 verum
945 2524 1047 2596 rogatu
1074 2520 1201 2579 ecclesie
1220 2540 1287 2599 qnoe
1311 2524 1355 2583 ci·

277 2594 389 2657 vilibus
402 2614 516 2675 qnoque
530 2598 623 2675 paenis
637 2598 666 2655 in
690 2595 841 2657 haereticos
857 2598 1065 2659 animadvertit
1080 2601 1209 2670 curarit,
1232 2611 1266 2662 nt
1283 2605 1355 2664 loci·

277 2676 340 2737 lius
352 2694 453 2739 eornm
471 2678 589 2739 audacia
607 2686 800 2739 coerceretur.
818 2680 861 2739 lta
876 2678 1092 2759 imperatorum
1107 2680 1234 2760 (Arcadii
1250 2693 1280 2745 et
1294 2688 1356 2747 lla-

278 2756 369 2839 norii)
391 2758 521 2840 scripta,
538 2778 607 2844 quo
624 2756 659 2820 de
677 2756 863 2822 Alexandria
882 2767 912 2820 et
931 2762 1060 2844 AEyypto
1084 2762 1262 2844 aripeaiatas
1282 2762 1357 2848 pelli

269 2837 399 2922 jutole,
427 2843 622 2922 Hieronymo,
651 2850 685 2900 nt
711 2842 773 2920 ipse
793 2841 891 2918 inquit
914 2849 1008 2902 contr.
1033 2841 1136 2923 Rufio.
1165 2843 1214 2906 hh.
1242 2849 1353 2928 hopp.

278 2928 353 2982 tam.
378 2925 397 2982 2
419 2920 474 2983 eal.
491 2925 552 2986 468
566 2921 613 2984 cd.
636 2919 767 2984 Vellere.
792 2923 1257 3005 transnominationes
1269 2936 1353 2988 eant.

278 3001 478 3083 Hieronymus
492 3013 589 3066 autem
604 3003 667 3064 sine
682 3003 772 3065 dubio
788 3003 844 3063 hnc
856 3004 1028 3064 mandatnm
1041 3014 1191 3082 occeperat
1205 3007 1243 3068 ah
1261 3010 1356 3068 haas

278 3084 355 3144 tasio
374 3088 398 3144 l.
425 3087 472 3159 Ρ.,
499 3086 550 3164 qui
573 3083 646 3146 illud
671 3085 881 3162 imperatarum
910 3079 1039 3146 edictum
1069 3103 1116 3146 res
1137 3104 1212 3148 oasa
1239 3096 1355 3150 tantum

276 3165 406 3242 appellat
418 3166 503 3246 epist.
521 3167 555 3242 5,
572 3165 650 3246 apud
665 3165 813 3228 labbeum
829 3173 900 3225 tata.
915 3168 935 3227 2
948 3161 1050 3226 oaacil.
1069 3184 1104 3228 ca
1119 3208 1127 3226 .
1144 3169 1235 3228 tlte.
1256 3167 1355 3245 lipha-

276 3245 338 3304 sini
359 3249 459 3307 Patres
474 3246 512 3307 ad
527 3247 724 3308 Theodosium
742 3256 770 3308 et
786 3247 1026 3308 Valentinianum
1040 3245 1231 3324 imperatores
1245 3247 1356 3312 dedere

276 3326 407 3404 litteras,
430 3337 463 3388 nt
478 3336 596 3388 cranctos
615 3329 739 3390 Nestorii
761 3328 852 3389 libros
867 3327 1000 3390 comburi
1022 3336 1170 3390 amarent.
1192 3329 1355 3394 Concilium

278 3406 461 3485 Ephesinam
480 3417 537 3474 act.
564 3411 577 3468 l
603 3415 674 3470 tam.
696 3411 713 3468 5
734 3409 785 3470 cit.
807 3405 916 3470 calleat.
943 3405 998 3471 tat.
1026 3410 1122 3486 lton,
1147 3418 1235 3490 atque
1254 3414 1355 3474 arien-

277 3486 354 3550 tnles
370 3490 495 3568 episcopi
515 3489 688 3563 orthodoxi,
709 3498 738 3550 et
760 3489 1000 3552 archimandrite
1024 3492 1354 3572 constantinopolitani,

278 3569 324 3628 uti
340 3577 418 3647 patet
432 3589 468 3632 ex
481 3571 603 3632 concilio
620 3571 940 3648 Constantinopolitano
964 3571 1020 3632 suh
1043 3575 1150 3634 Henna
1163 3574 1264 3635 hahita
1279 3595 1353 3638 aaa.

279 3651 343 3710 536
363 3658 433 3712 tom.
457 3655 475 3712 5
497 3649 604 3714 amaad.
623 3651 677 3713 eol.
704 3654 780 3712 totto
803 3652 853 3712 cit.
877 3651 1002 3728 collect,
1029 3654 1186 3733 hgnpitnni
1212 3659 1246 3716 P.
1268 3675 1356 3738 roga·

277 3738 367 3807 runt,
380 3741 413 3792 nt
426 3751 442 3792 a
454 3733 618 3797 Iustiniana
629 3740 728 3796 cantra
744 3734 844 3795 Severi
857 3733 949 3796 libros
962 3734 1093 3796 edictum
1108 3735 1293 3816 impetraret.

331 3898 361 3998 ς.
395 3899 454 3972 Vl.
494 3903 712 3974 Ecclesiastico
753 3919 862 3974 nutem
905 3920 1065 4002 potestas,
1106 3930 1125 3974 a
1164 3930 1229 4003 qna
1266 3906 1356 3976 dam·

277 4011 402 4070 nentur
448 3999 745 4096 improbanturque
790 4000 883 4094 lihri,
926 4027 966 4072 ex
1006 4001 1125 4100 quihus
1166 4001 1279 4096 religio
1323 4017 1357 4073 et

276 4119 386 4167 mores
411 4094 646 4167 detrimentum
673 4097 824 4194 capiunt,
858 4114 907 4168 est
937 4100 1006 4196 ipsa
1037 4097 1177 4168 Ecclesia
1201 4112 1235 4166 et
1263 4121 1356 4194 sumq-

277 4219 352 4264 mus
392 4191 542 4266 Pontifex
582 4193 721 4266 ecclesiae
756 4211 854 4294 capnt
895 4195 963 4292 (l).
1004 4195 1200 4265 Alterutrius
1229 4191 1354 4292 jndicio
