3575 5625
357 561 391 616 s·
729 581 742 630 ·.

684 659 803 754 ..'17
834 725 883 740 ...

240 816 284 906 ei
306 818 383 934 reo'q
412 812 622 930 coio‘sequenti
647 849 741 904 aetete
772 833 936 904 christiani
970 857 1084 905 omnes
1118 831 1194 907 huie
1221 861 1312 932 opos·

114 939 115 1002 Ϊ
241 921 351 1010 iubeo,⁴
366 949 532 1030 praeeepto
558 947 750 1028 paruerunt.
782 929 817 1002 Si
854 931 1019 1003 christiani
1049 932 1137 1029 opud
1168 931 1317 1006 ethnicos

114 1045 116 1084 t
236 1031 401 1130 judicium
423 1055 571 1102 exeruere
594 1055 662 1102 non
692 1044 864 1126 poterent,
883 1055 1084 1126 consequens
1112 1048 1185 1121 est,
1218 1048 1319 1104 uteo

242 1146 395 1225 egerenv
409 1127 461 1199 rel
488 1127 577 1225 opud
604 1133 816 1226 sapientem,
846 1153 946 1224 quem
980 1128 1100 1199 Paulus
1123 1127 1312 1224 eligendum

241 1231 403 1316 suaserat,
427 1225 644 1324 quique'eligi
671 1251 738 1297 uon
767 1241 895 1323 poteret
933 1227 1002 1295 siue
1037 1230 1229 1299 auctoritate
1256 1253 1315 1300 eo-

242 1352 319 1401 rum
332 1327 406 1428 J'l'ui
428 1322 614 1421 reipublieae
645 1339 828 1421 preerant,
863 1322 915 1395 vel
950 1323 1039 1420 opud
1079 1325 1241 1422 apostolos
1281 1343 1317 1396 et

242 1423 296 1522 epi
334 1429 338 1438 '
419 1422 511 1514 ‚boe
528 1438 577 1493 est
591 1420 786 1519 epudillos‚
809 1423 866 1518 qui
890 1447 1057 1493 summum
1079 1425 1116 1494 in
1140 1423 1316 1496 christiane

243 1521 349 1620 repub
362 1524 409 1594 ico
428 1523 652 1616 magistratum
667 1519 872 1592 obtinebunt.

286 1707 329 1790 (t)
349 1709 449 1772 Verbo
462 1708 544 1771 Pouli
560 1708 611 1770 eit.
626 1727 673 1790 ep.
689 1711 709 1769 1
721 1706 762 1770 od
774 1707 887 1770 count.
904 1709 949 1770 Vi
959 1717 1051 1770 suut:
1071 1733 1087 1762 s
1100 1707 1198 1770 Audet
1211 1709 1316 1790 uliquis

247 1791 511 1853 reuumbobem
528 1791 679 1872 negotium
701 1790 839 1852 adversus
859 1790 1001 1866 alterum,
1022 1789 1149 1869 judieeri
1168 1792 1246 1870 opud
1264 1793 1320 1853 iui-

246 1891 321 1952 quor
332 1871 531 1956 etnonepud
548 1875 682 1934 muetos?
697 1898 711 1926 o
736 1873 792 1949 Qui
808 1879 866 1934 tem
887 1873 1015 1953 graviter
1029 1871 1166 1954 objurget
1179 1891 1245 1951 eos,
1266 1876 1318 1952 qui

247 1954 303 2017 boe
324 1953 674 2036 redatruare-nonne
684 1954 835 2016 evidenter
848 1955 992 2032 ostendit,
1012 1953 1168 2034 indignum
1183 1973 1246 2016 esse
1260 1955 1318 2018 boe

247 2035 404 2099 beinus'et
418 2035 602 2100 nullomodo
617 2037 793 2099 terendum?
807 2039 905 2113 Quare
918 2037 970 2116 qui
993 2037 1025 2096 iu
1043 2036 1103 2097 illis
1117 2038 1241 2117 apostoli
1256 2057 1317 2100 ver·

248 2117 292 2180 bis
309 2133 371 2182 uon
386 2117 829 2204 preeeptumfsedeoneilium
848 2121 944 2180 inesse
967 2125 1087 2197 putent,
1111 2119 1132 2180 ii
1157 2119 1232 2180 mibi
1257 2139 1317 2182 uon

247 2201 386 2262 ridentur
396 2201 649 2284 animadvertisse,
664 2202 787 2264 Paulum
800 2201 894 2282 legem
908 2201 1024 2262 dedisse
1035 2199 1175 2262 adversus
1188 2221 1313 2280 ausum,

248 2301 336 2362 quem
353 2284 417 2363 ipse
433 2277 561 2364 ¹geuvite'r
573 2283 857 2364 reprehendendum
872 2282 992 2363 putebat
1005 2290 1035 2342 et
1056 2283 1087 2342 in
1101 2280 1181 2343 buue
1195 2283 1316 2362 quidem

249 2381 360 2428 ausum
378 2383 438 2426 non
455 2365 625 2445 eoueilium,
649 2365 701 2427 sed
716 2373 894 2446 preceptum
917 2365 1021 2426 erdere
1044 2362 1181 2427 debebat.
1197 2367 1317 2428 consilii

248 2447 369 2525 quidem
386 2456 431 2508 est
444 2448 548 2520 electio
567 2447 725 2529 saperetis,
749 2447 804 2531 qui
821 2446 915 2529 possit
927 2445 1068 2530 judicare
1089 2446 1167 2507 inter
1185 2446 1318 2530 fratrent

247 2545 357 2606 mum,
372 2529 424 2590 sed
438 2548 526 2608 quem
538 2529 673 2591 dissimili
687 2532 800 2592 retione
811 2528 841 2589 id
858 2529 965 2590 Peulus
978 2536 1081 2609 urget,
1093 2547 1182 2607 quum
1194 2528 1318 2592 diversis

249 2610 306 2672 hoe
327 2611 391 2673 loeo
413 2612 511 2672 verbis
531 2612 639 2673 utitur!
668 2617 780 2674 Revera
804 2611 927 2691 apostoli
948 2617 1127 2690 preceptum
1151 2621 1317 2673 memorent

248 2695 360 2754 ductor
371 2691 501 2774 epistole
514 2691 554 2754 ud
568 2692 729 2770 Jeeobum,
745 2691 823 2773 apud
841 2693 1017 2755 cotelerium
1032 2701 1104 2753 torn.
1120 2696 1133 2754 t
1145 2712 1221 2837 foe.
1239 2697 1295 2755 ott
1303 2741 1314 2773 ‚

249 2777 361 2837 Auster
381 2775 632 2839 Constitutioeum
647 2785 676 2837 et
697 2777 801 2853 ueteri,
816 2793 943 2853 quorum
957 2775 1044 2853 poulo
1063 2781 1132 2835 ente
1174 2786 1219 2837 eto
1232 2795 1319 2838 men-

248 2858 290 2919 tio
318 2865 378 2933 est3
401 2867 431 2919 et
451 2859 606 2919 eonsilium
640 2860 825 2938 Hipponense
848 2854 904 2919 too.
931 2857 982 2919 eit.
1011 2859 1318 2922 exeommuuieetionis

249 2958 335 3019 poenu
351 2940 452 3019 pleetit
464 2940 654 3016 catholicum,
673 2941 728 3024 qui
746 2936 954 3022 adjudicium
976 2936 1101 3001 ulterius
1117 2938 1191 3022 fidei
1204 2940 1319 3024 judicis

247 3030 398 3100 provocet.
418 3022 502 3085 Adde
512 3024 726 3085 observantium
741 3022 832 3083 trium
851 3022 1040 3098 surculorum,
1055 3039 1115 3101 quo
1127 3022 1220 3100 spatio
1242 3032 1320 3085 tem-

203 3158 206 3165 .
248 3104 329 3183 poris
342 3104 492 3167 neminen
510 3104 704 3167 debriationis
714 3104 752 3166 ed
766 3104 899 3165 etbnioos
911 3103 1026 3183 judiees
1036 3103 1123 3163 ivisse
1136 3104 1255 3165 seimus.
1271 3108 1319 3168 An

250 3185 282 3248 id
299 3194 360 3247 tom
375 3186 463 3268 longo
477 3188 616 3266 temporis
630 3205 733 3263 eursu,
755 3196 841 3264 etque
857 3186 936 3246 inter
952 3186 1102 3264 ingentem
1120 3184 1199 3245 illem
1220 3184 1319 3249 bomi-

250 3284 324 3329 num
338 3268 558 3335 multitudinem
572 3277 632 3330 tom
647 3268 803 3350 diligenter
816 3268 1002 3329 obses-votum
1019 3266 1137 3345 fuisset,
1152 3267 1210 3329 uisi
1223 3268 1320 3332 ebris·

250 3350 340 3411 tionis
353 3350 490 3412 omnibus
508 3368 677 3429 persuasum
691 3352 793 3413 fuisset
814 3350 851 3411 ob
873 3349 1002 3429 apostolo
1023 3349 1125 3410 dotum
1151 3368 1210 3411 uon
1228 3354 1320 3415 eonsi-

250 3433 341 3509 lium,
364 3432 416 3493 sed
433 3428 629 3513 praeseptum,
655 3433 701 3493 eui
720 3449 821 3493 omnes
840 3450 943 3511 perere
966 3431 1138 3511 oportebat?
1161 3436 1227 3511 lpse
1239 3438 1319 3516 Aug.

252 3511 411 3576 smoeed.
430 3510 466 3575 de
478 3512 553 3597 fide,
638 3523 665 3575 et
679 3511 841 3589 eberitute,
857 3522 924 3596 top.
937 3516 977 3575 78
990 3532 1059 3596 opp.
1076 3521 1146 3575 tom.
1161 3512 1244 3576 beot.
1259 3520 1319 3578 226

252 3594 298 3657 ed.
314 3594 420 3673 indie,
436 3597 560 3658 Paulum
573 3598 582 3657 i
595 3596 646 3675 lis,
668 3615 733 3674 quse
745 3615 832 3674 supro
847 3594 1003 3674 descripsi,
1022 3596 1119 3657 verbis
1130 3614 1189 3657 uon
1203 3616 1319 3661 merum

251 3678 368 3739 dedisse
385 3679 554 3755 eonsilium,
577 3678 629 3739 sed
648 3674 817 3739 terribiliter
840 3677 964 3740 vetuisse
982 3677 1082 3755 docet,
1104 3696 1142 3738 ne
1166 3678 1320 3742 christiani

251 3768 334 3821 extro
355 3760 504 3822 eeclesiam
526 3760 636 3839 judicie
663 3767 843 3821 exercerent.
866 3762 968 3839 Neque
991 3778 1062 3822 vero
1086 3759 1205 3821 obtrudi
1223 3770 1321 3840 potest

251 3844 362 3905 fretum
380 3842 480 3919 Pauli,
499 3842 550 3922 qui
574 3842 613 3903 ed
630 3846 771 3905 cesarem
795 3842 963 3921 provoeovit
981 3843 1045 3902 Aet.
1072 3840 1195 3923 apostol.
1216 3845 1317 3906 XXV.

252 3928 318 4003 lpse
334 3924 414 3985 euim
426 3924 652 4003 comprehensus
665 3943 682 3984 e
705 3928 789 3986 Festo
803 3924 943 4003 preside,
957 3923 1008 4003 qui
1023 3925 1049 3986 ei
1067 3926 1127 3985 rim
1144 3926 1254 3986 inferre
1267 3945 1321 3986 vo-

252 4005 347 4083 lehis,
362 4006 525 4068 ueeessorio
540 4024 696 4087 provocare
709 4005 811 4067 debuit
825 4006 863 4067 ed
878 4009 1036 4080 (teserem,
1052 4005 1108 4067 boe
1122 4015 1167 4069 est
1180 4008 1218 4069 ed
1231 4025 1319 4084 eum,
1406 4068 1411 4081 ,
1450 3966 1459 4083 ,ι
1473 3978 1512 4082 ‚ss
1529 4025 1571 4088 ’,χ

254 4088 301 4149 eui
315 4090 418 4153 Festus
433 4089 564 4167 suberit,
582 4089 692 4170 quique
706 4088 768 4168 ejus
782 4088 841 4149 vim
855 4090 1017 4169 reprimere
1029 4097 1136 4169 posset.
1532 4102 1537 4116 ¹

304 4264 334 4367 3.
363 4238 455 4339 XVI.
489 4266 603 4367 Itaque
634 4265 882 4341 christianorum
911 4267 1073 4367 judicium
1112 4269 1147 4339 in
1185 4264 1321 4437 {liorem

356 4388 434 4439 ror.
462 4389 498 4439 u.
1041 4428 1050 4453 ,
1213 4420 1221 4435 .
