3575 5625
488 815 672 911 eodemque
693 814 771 910 jure
866 813 932 882 ‘tur
976 809 1085 900 udex,
1114 811 1168 881 cui
1197 835 1216 878 a
1244 808 1431 902 magistratu
1461 808 1564 906 'jurie
1646 783 1647 814 ¹

488 912 589 984 dictio
616 927 666 982 est
695 910 764 1006 (ἢ).
794 827 887 994 gutli
916 838 1056 1003 delegati
1094 935 1112 980 a
1150 931 1280 978 summo
1314 905 1494 994 Pontilioe,
1527 921 1564 976 ut

490 1009 614 1080 facilius
653 1009 849 1079 sententiam
890 1021 1116 1104 exequantur,
1155 1020 1320 1100 acceptam
1413 1017 1563 1076 testatem

490 1123 525 1180 et
550 1103 812 1205 jurisdictionem
834 1129 1047 1201 perannum
1078 1104 1223 1176 retinent
1246 1101 1312 1196 (ὅ).
1380 1125 1473 1172 erum
1501 1099 1564 1172 da-

490 1220 543 1275 tus
557 1203 663 1300 judex
690 1218 725 1273 et
750 1200 894 1292 arbiter,
931 1225 1075 1298 quorum
1111 1215 1241 1271 tantum
1273 1200 1405 1368 pffiriu
1430 1213 1480 1270 est
1518 1200 1566 1268 rei

490 1304 653 1396 cognitio,
688 1300 884 1371 sententiam
921 1323 991 1370 non
1020 1312 1252 1394 exequuntur,
1391 1298 1461 1394 ejus
1489 1320 1567 1366 exo-

491 1401 580 1471 cutio
607 1399 752 1494 pertinet
786 1395 828 1466 ad
865 1397 1091 1492 magistratum
1122 1395 1196 1490 (4),
1228 1393 1316 1468 unde
1336 1395 1392 1491 jus
1425 1416 1565 1489 coguos-

492 1495 589 1568 cendi
614 1494 798 1593 proiectum
826 1509 888 1565 est.

547 1665 576 1744 1)
598 1668 671 1748 Cup.
688 1667 801 1728 71111
819 1661 855 1727 de
868 1661 953 1748 Offie.
967 1672 995 1725 et
1005 1671 1112 1758 potest.
1124 1661 1251 1744 deleqat.

546 1749 576 1828 i)
597 1749 635 1809 L.
649 1746 712 1829 dff-
727 1744 764 1808 de
782 1743 868 1829 Offie.
883 1745 950 1829 ajon
962 1764 1013 1807 cut
1025 1743 1129 1806 mund.
1145 1741 1348 1828 eetjuriadt‘ct.

545 1831 576 1993 δὲ
597 1832 670 1912 Cap.
687 1829 750 1890 711
762 1831 802 1890 16
817 1825 953 1971 1111311111.
972 1835 999 1888 11
1009 1833 1116 1909 potest.
1131 1823 1259 1910 11111911.

545 1916 564 1973 1
597 1907 854 1992 blbffidcllej
899 1905 1369 1991 sc.,·cep.4deFor.cumpeten.

540 2063 572 2164 §.
600 2063 702 2136 XVI.
737 2060 822 2134 Cum
855 2079 967 2133 autem
997 2059 1038 2133 fit
1072 2065 1236 2154 executio,
1273 2077 1381 2134 certus
1422 2078 1473 2132 est
1506 2061 1566 2133 ob-

493 2158 669 2234 servandus
706 2159 810 2250 ordo,
837 2185 938 2257 quem
966 2157 1025 2230 lus
1052 2161 1232 2230 constituit.
1267 2157 1435 2234 Nimirum
1463 2162 1492 2230 si
1520 2184 1566 2230 res

494 2262 564 2355 ipsa
587 2274 712 2346 exstat,
746 2281 822 2354 quae
855 2258 984 2328 restitui
1020 2257 1138 2348 debet,
1171 2283 1231 2346 ea,
1263 2261 1294 2327 vi
1325 2281 1480 2352 quoque,
1513 2257 1567 2326 ubi

493 2382 576 2454 opus
602 2355 721 2444 luerit,
750 2353 917 2443 adbibita,
947 2353 1123 2426 auferenda
1163 2369 1213 2426 est
1240 2354 1319 2462 (l),
1356 2357 1383 2424 si
1413 2352 1508 2424 nulla
1532 2377 1566 2424 ea

492 2457 554 2545 sit,
599 2469 656 2524 aut
695 2467 832 2548 propter
863 2454 1013 2548 pecuniae
1046 2450 1195 2522 debitum
1229 2449 1374 2522 iacienda
1419 2452 1460 2521 sit
1492 2475 1566 2522 exc·

493 2554 601 2639 cutio,
645 2551 791 2645 primum
828 2548 985 2645 capienda
1025 2564 1103 2620 sunt
1145 2548 1230 2622 bona
1261 2547 1410 2637 mobilia,
1449 2546 1567 2620 deinde

491 2647 691 2736 immobilia,
726 2660 915 2742 postremo,
954 2649 981 2717 si
1019 2645 1072 2716 illa
1109 2671 1177 2718 uon
1214 2661 1359 2736 exstent,
1404 2641 1454 2716 vel
1496 2647 1566 2716 satis

493 2771 563 2818 non
592 2747 676 2832 sint,
703 2746 782 2841 jure
818 2759 853 2815 et
880 2745 1016 2817 nomina
1053 2742 1261 2834 debitorum,
1295 2767 1424 2840 semper
1458 2759 1567 2814 tamen

492 2867 555 2939 pro
589 2840 689 2914 modo
735 2840 856 2931 debiti,
899 2841 1050 2915 creditori
1089 2840 1268 2913 addicenda
1307 2840 1374 2937 (2).
1422 2840 1565 2910 Tantum

494 2938 624 3037 speciali
663 2942 735 3009 'ure
779 2954 913 3010 cautum
946 2953 1015 3029 est,
1055 2953 1094 3009 ut
1120 2964 1188 3011 uou
1220 2940 1280 3009 nisi
1313 2941 1348 3009 in
1388 2937 1565 3009 subsidium

493 3040 641 3109 executio
655 2966 715 3107 dat
741 3038 778 3105 in
809 3034 994 3132 stipendia,
1024 3061 1111 3109 arma
1136 3053 1170 3107 et
1192 3061 1293 3133 equos
1318 3031 1463 3106 militum
1493 3034 1563 3131 (5);

494 3138 641 3233 itemque
687 3150 725 3203 ut
765 3136 984 3205 instrumenta
1026 3132 1069 3203 ad
1116 3134 1346 3230 agriculturam
1394 3134 1565 3205 necessaria
1646 3208 1647 3223 ,

494 3234 676 3305 executioni
708 3255 778 3303 nou
792 3231 1005 3330 subjiciantur
1030 3230 1100 3327 (4).

548 3399 577 3475 t)
597 3402 629 3461 L.
644 3401 684 3459 68
694 3398 728 3481 ff.
741 3397 777 3459 de
790 3398 964 3461 Reicindic.

546 3479 576 3555 2)
597 3483 630 3540 L.
651 3477 739 3561 lbff.
758 3476 794 3539 de
808 3478 945 3561 ajone.
964 3481 1023 3544 Sed
1037 3500 1116 3543 nunc
1134 3480 1191 3543 iuri
1210 3498 1264 3542 usu
1286 3490 1436 3561 receptum
1454 3490 1517 3557 ert,
1536 3488 1565 3541 ut

493 3559 623 3619 creditor
641 3559 897 3621 indiscriminatim
914 3570 978 3623 tum
1002 3562 1133 3639 mobilia,
1158 3570 1222 3623 tum
1235 3563 1396 3625 immobilia
1415 3564 1510 3642 capiat
1523 3560 1566 3622 dc-

494 3640 600 3702 bituris
614 3639 702 3715 bona,
716 3642 880 3718 presertim
891 3660 961 3704 cum
973 3644 1120 3705 creditum
1133 3643 1376 3725 bypctbeemium
1388 3652 1444 3706 est.

547 3720 578 3797 ὅ)
597 3722 632 3782 L.
647 3724 668 3781 4
683 3718 748 3781 ced.
761 3720 798 3784 dc
808 3724 934 3786 Esecut.
949 3726 995 3785 rei
1001 3723 1103 3807 judic.

546 3801 577 3878 t)
597 3805 630 3863 1..
648 3802 666 3861 7
688 3798 752 3863 cod.
777 3808 851 3882 Qec
869 3822 917 3867 rea
937 3804 1058 3888 1191111.
1079 3802 1167 3889 oblip.
1217 3824 1258 3871 11.
1279 3807 1324 3870 rid
1343 3804 1566 3869 similitudinem

494 3890 593 3945 autem
617 3884 985 3964 instrumentorumque
1008 3886 1046 3947 ad
1074 3890 1174 3969 agricu
1187 3896 1283 3949 turum
1308 3896 1377 3949 sunt
1395 3886 1565 3961 necessaria,

495 3965 584 4026 etiam
597 3964 792 4027 instrumenta
807 3965 894 4041 artis,
914 3984 1002 4044 q'uam
1019 3968 1086 4047 quis
1102 3978 1234 4041 exercet,
1250 3970 1412 4033 executioni
1426 3986 1486 4030 non
1501 3967 1566 4029 sub·

495 4055 575 4109 sunt.
588 4046 731 4108 Similiter
741 4046 874 4109 executio
884 4064 944 4109 non
954 4047 989 4110 fit
1004 4049 1034 4111 in
1046 4059 1156 4131 vestes,
1168 4052 1276 4132 quibua
1291 4052 1358 4130 quis
1371 4051 1495 4113 indutus
1512 4056 1564 4109 cst.

544 4199 577 4298 §.
607 4200 720 4273 Xllll.
753 4198 838 4274 Cum
878 4208 1025 4277 executio
1057 4208 1200 4302 pertinet
1233 4205 1273 4275 ad
1305 4204 1390 4277 bona
1422 4202 1564 4289 mobilia,
