3575 5625
567 1063 886 1158 ΉΝΜΒ
925 1069 1036 1158 W·

625 1289 661 1355 te
681 1289 743 1354 holo
764 1298 789 1354 ct
809 1289 977 1356 hnmana.

314 1449 390 1542 a
733 1503 867 1518 .......

261 1638 505 1701 [Quiacontumax.
838 1643 869 1694 V.
892 1642 954 1694 Atta
974 1658 1053 1711 μω
1073 1641 1100 1694 in
1118 1656 1188 1694 reum
1211 1653 1338 1696 contuma-

259 1705 294 1754 tt.
307 1706 381 1756 Pena
410 1706 775 1822 mffoemntumaciamactoria
905 1723 968 1760 omn.

261 1769 296 1821 ru
322 1781 347 1822 a
401 1809 408 1821 .
465 1772 523 1848 ann
546 1771 572 1823 aa
600 1772 776 1850 Quianam
839 1771 880 1826 u.
893 1771 1238 1844 squamoomnusstm.

328 1848 674 1906 propterreroontunacram.

756 1979 787 2082 a.
816 1979 844 2054 1.

312 2151 362 2223 Νι
400 2151 477 2224 dolo
515 2170 549 2224 et
590 2155 793 2226 contumacia
829 2151 1030 2250 litigantium
1072 2152 1189 2224 inutile
1223 2151 1340 2224 eradat

257 2250 443 2346 judicium,
482 2275 593 2348 poenae
619 2251 753 2324 indictae
784 2265 860 2322 aunt
902 2252 1056 2323 adversus
1085 2277 1184 2340 eum,
1218 2251 1338 2347 quiin

256 2351 314 2446 jus
358 2363 487 2420 vocatus
528 2372 597 2420 non
647 2348 785 2420 venerit.
836 2347 957 2420 Dolum
1007 2347 1130 2419 malum
1187 2371 1339 2419 vocamus

261 2470 398 2518 omnem
450 2445 681 2536 calliditatem,
737 2444 915 2540 salladam,
969 2445 1241 2517 machinationem
1297 2442 1339 2514 ad

262 2543 606 2634 circumveniendum,
656 2543 858 2634 fallendum,
915 2542 1147 2712 decipiendum
1199 2542 1338 2614 altemm

262 2640 443 2712 adhibitam
469 2642 536 2739 (l).
573 2641 645 2713 Hoc
677 2640 748 2714 loco
779 2637 875 2712 dolus
907 2658 957 2714 eet
997 2640 1228 2712 raudulentum
1263 2663 1341 2710 oon·

262 2737 374 2809 silium
405 2737 578 2836 litigantis,
611 2741 668 2837 qui
707 2755 883 2813 contumax
926 2755 976 2813 est
1013 2738 1070 2837 (ᾖ)
1111 2752 1145 2808 et
1176 2736 1341 2837 judicium

263 2837 438 2909 detrectat.
475 2838 659 2910 Contumax
686 2854 797 2911 antem
822 2835 960 2927 dicitur,
991 2840 1049 2934 qni
1082 2834 1202 2934 judicis
1242 2858 1343 2905 mau-

264 2934 344 3007 dato
369 2960 438 3006 non
464 2935 688 3033 obtemperat,
723 2936 789 3007 hoe
813 2952 881 3027 eat,
914 2938 972 3034 qui
999 2936 1102 3007 tribua
1127 2933 1260 3022 edictis,
1290 2928 1342 3003 vel

254 3057 334 3104 'uno
361 3036 582 3131 peremptorio
617 3048 767 3105 evocatus
800 3036 851 3107 eui
884 3036 1015 3130 copiam
1045 3057 1115 3104 non
1140 3031 1238 3119 iecit,
1266 3052 1342 3099 cum

264 3128 359 3203 nullo
378 3129 470 3227 justo
493 3130 729 3228 impedimento
757 3131 960 3205 detineretur
990 3129 1065 3226 (5),
1102 3126 1155 3197 rel
1180 3150 1256 3197 cum
1284 3150 1344 3197 re-

266 3230 339 3315 nit,
370 3227 476 3326 judici
507 3254 621 3325 parere
664 3233 822 3302 recusarit
858 3228 934 3327 (4);
973 3225 1025 3297 vel
1058 3222 1214 3321 impedit,
1255 3246 1343 3391 Quo·

266 3328 377 3397 minus
408 3326 449 3397 ad
474 3352 568 3398 reum
595 3330 705 3399 citatio
735 3330 903 3425 perveniat
931 3324 1008 3423 (5);
1045 3323 1096 3395 rel
1124 3324 1193 3395 cine
1223 3323 1265 3422 ju
1289 3321 1345 3393 icis

266 3426 361 3495 venia
383 3440 567 3523 susceptum
587 3424 751 3525 judicium
780 3425 924 3498 deseruit
955 3424 1023 3521 (6)

310 3597 353 3677 (l)
375 3600 418 3659 lta
431 3596 531 3659 dolum
553 3598 663 3659 malum
684 3596 788 3659 definit
812 3598 907 3661 habeo
920 3597 999 3676 apud
1019 3596 1177 3677 Ulpianum
1191 3593 1227 3656 t.
1250 3588 1345 3673 l§.2

267 3676 304 3761 ff.
320 3677 356 3741 de
370 3676 444 3754 dot,
461 3686 489 3739 et
501 3688 668 3742 contemno.
683 3680 714 3741 in
733 3698 790 3759 qua
804 3680 925 3758 quidem
940 3678 1112 3741 delinitione
1133 3676 1209 3739 nihil
1219 3674 1346 3737 otiosum

269 3779 333 3822 eaeo
346 3760 528 3821 demonstrat
540 3760 675 3823 lluherus
687 3759 738 3825 to.
752 3764 770 3823 5
785 3758 895 3823 obtem
910 3761 962 3822 ih.

310 3841 352 3937 (ἲ)
374 3846 552 3919 contumax,
567 3844 699 3923 agraecio
713 3846 824 3917 andra
840 3843 980 3924 panacen
999 3848 1030 3903 et
1052 3837 1214 3922 tupohua,
1238 3837 1348 3898 dicitur

268 3943 321 4003 qur
336 3924 407 3985 alios
428 3925 467 3984 ita
489 3926 666 4004 contemnit,
685 3932 718 3985 ut
735 3942 836 3987 eorum
852 3925 1030 3985 consortium
1049 3923 1158 4003 lugiat3
1175 3920 1241 3981 idoo
1258 3918 1347 3979 etiam

269 4006 446 4069 Constitutiu
459 4024 551 4085 greca
566 4010 705 4084 dmum
711 4002 882 4098 stromateo
894 4011 978 4067 vocat
991 4005 1023 4065 in
1035 4008 1068 4067 t.
1085 4006 1123 4064 10
1139 4000 1205 4063 cod.
1220 3998 1255 4061 de
1269 3995 1345 4059 lod.

313 4086 355 4167 (ὅ)
376 4090 409 4149 t.
435 4089 473 4147 to
496 4086 530 4169 ff.
546 4086 582 4148 de
596 4084 741 4169 ltejudac.
764 4088 855 4167 ldquc
882 4088 971 4149 etiam
989 4085 1080 4147 tradit
1097 4084 1206 4148 Paulus
1230 4083 1345 4159 Recept.

269 4176 382 4231 santam
397 4164 448 4230 tit.
466 4171 483 4231 d
499 4169 545 4230 tit.
558 4172 575 4231 u
586 4166 612 4251 §.
627 4170 658 4245 7,
670 4168 747 4251 apud
758 4169 975 4251 Schultingium
987 4165 1041 4230 loe.
1057 4166 1111 4229 eit.
1123 4182 1196 4247 paq.
1212 4161 1284 4222 450.
1294 4164 1349 4222 De·
