3575 5625
899 708 1121 779 -utt-

464 860 618 956 religione
647 886 706 958 per
738 859 937 958 baptismum
968 873 1118 953 suscepta
1146 856 1349 930 defecerunt.
1386 857 1433 927 Ut
1464 886 1538 931 vero

463 962 535 1055 quis
578 974 722 1057 apostata
763 957 941 1046 habeatur,
988 954 1131 1044 sufficit,
1182 955 1272 1053 quod
1330 956 1536 1029 christianam

463 1057 653 1150 religionem
682 1056 878 1144 deseruerit,
914 1078 1116 1151 quamquam
1145 1053 1189 1123 ad
1214 1052 1310 1125 aliam
1342 1078 1409 1126 non
1446 1070 1541 1127 trao-

342 1176 345 1181 ·
462 1156 562 1225 aierit.
594 1154 677 1226 Nam
712 1156 791 1225 etii
818 1156 876 1250 qui
916 1152 1041 1250 objecta
1073 1151 1245 1223 christiana
1273 1150 1431 1246 religione
1454 1152 1541 1223 athei

464 1251 661 1342 sanctisunt,
693 1266 848 1347 apostatm
878 1250 1062 1338 habentur,
1103 1274 1304 1346 quamquam
1331 1249 1434 1319 nulla
1467 1253 1544 1348 ipsis
1677 1251 1678 1324 l

464 1349 583 1444 religio
600 1352 662 1436 sit,
689 1374 787 1447 quam
824 1364 1015 1445 sequantur.
1043 1348 1177 1419 Latione
1207 1371 1304 1418 sensu
1329 1351 1416 1417 inter
1444 1374 1542 1445 apos-
1677 1341 1678 1416 l

466 1460 547 1517 tatas
583 1446 833 1518 recensebantur
876 1448 973 1517 etiam
1012 1444 1260 1534 catechumeni,
1299 1448 1357 1543 qui
1375 1446 1543 1517 *cateche-
1677 1439 1678 1480 ⁷

464 1546 524 1614 sim
562 1542 748 1617 deserentes
792 1543 834 1614 ad
880 1542 1017 1615 deornm
1063 1542 1187 1639 templa
1232 1542 1416 1613 transibant
1464 1544 1540 1640 (1),

466 1666 667 1739 quamquam
723 1642 962 1739 baptizatorum
1014 1643 1169 1738 apostasia
1218 1638 1381 1728 deterior,
1442 1666 1543 1738 qnam

466 1739 776 1811 catechumenorum
818 1738 1009 1811 haberetur.
1053 1737 1151 1809 Certe
1186 1739 1228 1828 ii,
1264 1762 1348 1839 quos
1385 1760 1544 1809 manuum
1678 1775 1679 1794 r

464 1839 673 1934 impositione
726 1839 888 1935 certisque
945 1834 1095 1933 precibus
1147 1838 1235 1906 inter
1292 1833 1545 1909 catechumenos
1678 1863 1679 1932 j

467 1936 598 2006 ecclesia
632 1934 810 2025 retulerat,
845 1933 996 2030 generale
1033 1934 1283 2005 christianorum
1318 1956 1441 2005 nomen
1480 1932 1547 2005 ob-

467 2033 617 2103 tinebant
658 2032 735 2129 (2),
770 2047 804 2103 et
842 2036 879 2102 in
919 2031 1031 2103 multis
1067 2028 1203 2129 quidem
1237 2030 1337 2103 rebus
1373 2046 1544 2129 tamquam

466 2129 631 2199 christiani
657 2128 889 2201 censebantur.

524 2299 548 2379 1)
571 2302 603 2361 L.
619 2301 638 2360 2
653 2298 718 2361 cori.
736 2296 877 2363 Theodec.
892 2297 930 2362 de
944 2308 1075 2383 aportat.

520 2380 549 2458 ⁸2)
571 2382 677 2442 Confer
700 2399 841 2443 cunonem
870 2382 909 2441 59
933 2383 1048 2443 conatii
1073 2382 1261 2458 lilibet-itaci,
1288 2401 1356 2443 cca.
1386 2385 1405 2442 7
1428 2382 1547 2443 concilii

467 2462 777 2541 constantinopolitani
794 2466 822 2541 l,
838 2471 868 2522 et
892 2480 960 2523 aaa.
978 2466 1019 2524 stt
1038 2464 1153 2525 ccucihi
1176 2464 1325 2539 Trullani,
1339 2482 1468 2542 quorum
1480 2482 1549 2524 crn-

467 2544 549 2604 nium
564 2542 619 2604 leci
634 2544 814 2605 mentionem
835 2540 887 2605 to.
904 2544 985 2606 atu.
1001 2548 1020 2605 2
1039 2552 1108 2606 sect.
1132 2549 1146 2606 1
1163 2542 1190 2626 S.
1208 2548 1249 2607 50
1269 2554 1333 2608 not.
1351 2548 1362 2605 1
1380 2564 1453 2627 pop.
1470 2546 1547 2607 100.
1679 2603 1680 2606 ,

515 2699 546 2798 §.
592 2698 634 2770 ll.
669 2698 838 2772 Prioribus
872 2701 1014 2774 ecclesie
1054 2702 1178 2774 saeculis
1220 2728 1258 2773 ex
1298 2704 1451 2799 apostatis
1495 2702 1550 2772 alii

469 2813 580 2888 erant,
619 2799 677 2894 qui
714 2796 903 2870 Judaeorum
937 2817 971 2871 ct
1005 2801 1078 2894 alii,
1118 2805 1175 2899 qui
1213 2800 1423 2872 ethnicorum
1458 2827 1551 2874 sacra

469 2895 760 2990 amplectebantur.
795 2895 931 2968 lllorum
955 2899 1072 2997 triplex
1099 2915 1169 2968 erat
1200 2923 1314 2994 genus.
1351 2898 1464 2969 Unum
1490 2925 1552 2971 eu·

469 3018 562 3081 rum,
600 2996 657 3089 qui
688 3018 819 3090 prorsus
860 2995 984 3093 abjecta
1016 2996 1188 3068 christiana
1218 2993 1374 3090 religione
1412 2994 1455 3064 ad
1489 2999 1553 3094 ju·
1680 3011 1682 3094 t

468 3087 593 3160 (laicam
631 3089 829 3162 accedebant
864 3108 899 3163 ct
935 3092 970 3163 hi
1007 3095 1139 3191 proprie
1168 3107 1326 3190 apostatae
1357 3109 1472 3182 erant,
1511 3121 1550 3165 ex

469 3213 610 3281 quorum
639 3213 777 3260 numero
803 3189 865 3260 suit
894 3189 1033 3288 Aquila,
1066 3194 1226 3289 interpres
1252 3189 1458 3279 Bibliorum,
1490 3195 1553 3288 qui

468 3308 542 3352 oum
571 3285 612 3353 ab
639 3284 769 3355 ecclesia
801 3289 924 3384 ejectus
952 3288 1062 3359 fuisset
1093 3305 1229 3386 propter
1260 3286 1407 3358 studium
1439 3306 1552 3362 astro·

467 3378 583 3472 rogiae,
629 3379 670 3449 ad
717 3381 871 3455 liebraeos
920 3385 1068 3482 migravit
1113 3403 1147 3458 ct
1191 3409 1309 3457 novam
1361 3383 1551 3458 Bibliorom

468 3477 647 3546 versionem
675 3475 855 3550 christianis
881 3481 1130 3554 infensissimam
1158 3483 1321 3578 evulgavit
1358 3483 1554 3579 (1).Plu-

468 3597 518 3642 res
554 3597 686 3669 quoque
723 3573 910 3673 hujusmodi
942 3596 1036 3650 erant
1065 3596 1161 3652 aetate
1195 3580 1460 3671 Barchoehabae‚
1495 3586 1555 3680 qui

468 3667 589 3740 multos
631 3670 821 3744 christianos
851 3671 1019 3746 Christum
1052 3679 1179 3774 ejurare
1217 3696 1251 3749 et
1285 3679 1465 3750 maledictis
1497 3683 1556 3750 in·

471 3768 585 3838 sectari
607 3770 712 3864 coegit
737 3769 806 3866 (2).

511 3937 553 4019 (l)
576 3941 598 4000 Ε
620 3937 756 4018 iphanius
781 3938 817 4002 de
838 3939 932 4025 pond.
958 3951 988 4004 ct
1004 3961 1098 4007 meur.
1114 3965 1199 4006 num.
1218 3949 1257 4007 15
1272 3955 1332 4007 tom
1355 3947 1375 4007 2
1397 3964 1473 4028 paq.
1494 3949 1552 4011 171

472 4017 580 4082 edite
647 4020 684 4082 ioe
698 4023 789 4084 1681.

513 4099 555 4182 (1)
568 4103 799 4166 tustinusmart.
814 4101 931 4188 apolog.
945 4106 965 4167 2
981 4123 1066 4168 aum.
1082 4109 1116 4169 51
1131 4125 1205 4190 paq.
1219 4110 1259 4169 62
1271 4105 1318 4170 ert.
1334 4109 1438 4171 Paria.
1460 4113 1556 4174 1742.

522 4254 552 4354 ς.
583 4255 641 4329 lll.
677 4258 826 4332 Alterum
862 4283 964 4357 genus
992 4279 1062 4334 erat
1091 4287 1229 4352 eorum,
1256 4265 1314 4360 qui
1338 4261 1557 4334 christianam
