3575 5625
638 665 859 737 -299-

224 825 300 894 atquc
327 815 407 876 bunc
429 814 621 876 cardinalium
645 825 770 893 eoetum,
796 835 848 878 seu
874 818 1127 897 congregationem
1152 832 1277 898 praeesse

224 899 305 958 voluit
320 900 425 960 ceteris
441 898 637 994 tribunalibus
657 918 691 959 ea
712 900 750 959 de
770 917 804 959 re
821 898 980 975 institutis,
998 899 1035 958 ad
1048 918 1169 980 eamque
1183 900 1278 962 ardna

223 981 529 1140 ttdtttu‘it'tl
534 980 876 1124 ltttttbttttt
891 998 993 1126 “titt
995 991 1165 1124 1110qu
1171 991 1279 1124 llll?

222 1153 344 1221 marunt,
364 1163 492 1224 quorum
506 1144 581 1204 alter
599 1143 673 1205 duos
688 1143 803 1206 addidit
825 1142 1003 1219 cardinales,
1031 1143 1121 1222 idque
1147 1145 1282 1223 deinceps

223 1227 325 1288 Sixto
338 1231 367 1289 V
380 1227 535 1306 probatum
549 1234 593 1287 cst
609 1227 640 1286 in
657 1227 755 1288 const.
773 1230 925 1288 imotenus
944 1228 1003 1288 tta
1022 1223 1132 1287 buitur.
1154 1229 1280 1287 Bouron.

223 1313 286 1368 mm.
303 1310 406 1390 lpor.
423 1313 443 1370 4
458 1328 490 1390 ρ.
507 1310 579 1370 392.
598 1311 695 1387 Atque
711 1308 744 1370 bi
757 1318 826 1369 sunt
839 1317 904 1370 octo
919 1309 1082 1370 mndiualea
1096 1309 1146 1387 qui
1160 1307 1284 1386 preside

221 1389 279 1466 ipso
299 1393 431 1452 Romano
454 1389 608 1467 Pantilius,
631 1409 666 1450 ac
683 1391 818 1469 pluribus
840 1399 977 1471 spectatae
993 1389 1064 1452 lidai
1088 1401 1120 1451 et
1143 1389 1285 1452 doctrine

221 1471 358 1533 ministris
389 1474 506 1552 stipati,
531 1473 787 1554 congregationem
812 1473 989 1550 conficiunt,
1016 1491 1105 1551 quam
1131 1475 1163 1534 S.
1190 1471 1284 1534 Officii

220 1560 268 1612 aut
286 1557 437 1632 Suprema
452 1554 650 1633 inquisitionis
670 1571 823 1630 sommus,
846 1562 876 1615 et
895 1553 979 1633 cujus
994 1573 1116 1615 munera
1131 1561 1285 1635 partesque

220 1633 356 1697 describit
368 1637 524 1698 cardinalis
534 1635 572 1696 de
582 1639 658 1697 buca
671 1634 706 1695 in
718 1633 807 1696 relat.
823 1653 888 1696 cor.
903 1637 1030 1698 Roman.

261 1815 291 1916 §.
324 1815 386 1885 lv.
424 1814 491 1887 Sed
526 1814 638 1885 uthis
669 1815 912 1912 inquisitoribus
945 1818 981 1886 in
1013 1840 1047 1886 re
1079 1830 1145 1885 tam
1179 1819 1287 1911 gravi,

212 1913 321 2010 qualis
356 1930 409 1984 est
439 1917 606 2009 integritas
637 1913 737 2002 fidei,
777 1939 814 1985 ca
847 1916 889 1984 sit
929 1912 1091 2010 copulatio
1127 1916 1289 2012 conjunc·

212 2016 329 2109 tioque
374 2014 557 2084 animorum
597 2038 634 2082 ac
680 2014 934 2102 sententiarum,
984 2037 1058 2110 quae
1091 2037 1167 2082 cum
1213 2011 1289 2085 sede

210 2111 403 2206 Apostoliea
454 2127 631 2209 contioque
674 2113 806 2181 unitatis
840 2135 907 2182 csse
947 2109 1063 2199 debet,
1113 2109 1228 2182 Romae
1270 2137 1288 2181 a
1412 2183 1416 2190 ,

214 2212 354 2279 summis
386 2207 599 2280 Pontificibus
645 2211 814 2279 institutus
853 2225 901 2279 est
942 2225 1067 2298 eoebrs,
1109 2231 1166 2279 aen
1206 2231 1289 2280 oon-

215 2309 361 2402 gregatio
385 2305 616 2397 cardinalium,
637 2309 688 2377 eui
719 2309 789 2404 ipse
818 2305 969 2377 Pontifex
1003 2320 1119 2404 praeest
1147 2322 1179 2377 et
1211 2333 1287 2404 quae

214 2418 336 2501 praeter
376 2407 558 2494 ministros,
604 2403 713 2501 plures
754 2403 852 2475 habet
888 2404 1088 2477 consultores
1133 2421 1286 2501 spectatae

214 2505 410 2602 integritatis
458 2518 557 2598 atquc
610 2502 790 2592 doctriuae,
849 2527 991 2599 quorum
1041 2527 1139 2600 opera
1187 2519 1286 2599 atque

215 2600 348 2673 consilio
381 2615 523 2671 utuntur
555 2599 753 2688 cardinales,
789 2616 828 2670 ut
860 2599 1058 2672 enucleatius
1084 2617 1184 2696 atque
1208 2601 1287 2671 dili·

213 2703 341 2792 gcntius
369 2697 554 2769 difficiliora
614 2723 732 2794 uaeque
758 2696 984 2793 expediantur.
1025 2698 1105 2771 Haec
1147 2723 1287 2794 congre-

211 2801 295 2893 gatio
333 2811 459 2896 praeest
509 2723 662 2867 omullus
695 2795 956 2892 inquisitoribus,
993 2801 1052 2893 qui
1086 2822 1144 2893 per
1181 2811 1286 2869 totum

211 2897 323 2968 orbem
367 2894 481 2971 diffusi
520 2910 598 2966 sunt
642 2910 742 2991 atque
788 2894 829 2963 ad
874 2920 946 2965 cam
989 2897 1099 2964 cuncti
1137 2892 1289 2966 deserunt

211 2994 397 3068 difficiliora
435 3018 576 3091 qnaeque
605 2994 753 3087 negotia,
787 3007 824 3061 ut
855 2993 926 3090 sq'us
957 2993 1148 3063 auctoritate
1172 3006 1207 3061 et
1227 2994 1287 3089 ju·

210 3093 290 3166 dicio
338 3092 517 3164 finiantur.
558 3088 658 3176 Quod
695 3105 784 3162 recte
827 3105 927 3187 atque
966 3091 1128 3185 sapienter
1163 3094 1288 3161 eonsti-

210 3206 315 3264 tutum
367 3207 443 3277 est,
479 3187 688 3286 cohaeretque
732 3191 861 3261 muneri
890 3204 935 3259 et
972 3189 1124 3285 potestati
1167 3193 1286 3260 summi

207 3289 394 3362 Pontificis.

248 3455 280 3555 ᾗ.
307 3456 353 3526 V.
386 3453 475 3526 Nam
503 3478 579 3522 eum
609 3476 677 3523 esse
701 3454 833 3523 unitatis
864 3468 1017 3523 centrum
1042 3468 1076 3523 et
1099 3469 1196 3551 eaput
1227 3479 1284 3524 ec-

203 3552 328 3645 clesiae,
371 3556 473 3648 eique
507 3574 526 3619 a
563 3548 690 3622 Christo
724 3547 865 3621 Domino
900 3548 1015 3621 datum
1046 3548 1140 3622 fuisse
1176 3548 1282 3623 chris-

202 3654 308 3725 tianos
363 3676 483 3724 omnes
532 3647 705 3743 pascendi,
751 3649 909 3738 docendi,
962 3648 1117 3744 regendi,
1160 3648 1284 3745 guber-

202 3751 303 3822 nandi
346 3749 487 3848 plenam
518 3761 709 3842 potestatem
751 3747 825 3844 (1),
862 3762 897 3817 ct
926 3746 968 3819 ad
1007 3748 1188 3820 Romanam
1224 3774 1282 3819 ec·

201 3848 331 3920 clerium
368 3858 523 3946 propter
566 3850 738 3943 potueram
786 3847 1093 3949 principalitatem
1137 3842 1283 3916 oeolesms

200 3970 315 4021 omnes
345 3947 527 4018 convenire
558 3959 708 4041 oportere
751 3943 826 4041 (ἃ),
858 3946 946 4015 iuter
985 3943 1160 4014 catholicos
1199 3964 1281 4009 con-

199 4060 272 4115 stat.
327 4045 450 4131 Quare
481 4046 516 4111 in
549 4068 653 4112 unum
694 4066 870 4113 commune
916 4056 1066 4114 centrum
1097 4038 1282 4109 'convenire

198 4143 324 4217 debent
352 4148 403 4231 ii,
439 4135 481 4211 ad
512 4164 591 4237 quos
618 4142 654 4210 in
684 4139 817 4235 singulis
850 4138 1033 4234 regiombus
1065 4135 1143 4207 fidei
1171 4150 1282 4206 custo-

199 4242 251 4313 dia
278 4244 452 4340 pertinet,
476 4255 510 4309 et
534 4264 677 4335 quorum
703 4255 752 4309 est
779 4260 906 4313 errores
934 4238 968 4313 in
1001 4232 1102 4309 fidem
1123 4248 1280 4305 auertere.
