3575 5625
932 620 1151 693 -tse-

549 772 653 852 (llius
664 772 889 853 appellationum
903 772 939 833 ad
951 772 1049 834 sedem
1062 771 1252 851 apostolicam
1266 768 1469 830 confirmatum
1481 769 1571 830 fnisse

508 855 670 917 Sardieensi
703 856 822 915 coneilio
847 856 887 915 ita
922 866 1103 935 compertum
1127 853 1365 933 exploratumque
1391 860 1450 929 est,
1479 860 1514 911 nt
1540 872 1570 912 se

505 937 592 1015 plane
611 937 807 999 ecclesiastieae
826 936 957 998 historie
975 938 1064 998 rudes
1079 945 1108 996 et
1128 937 1244 1017 ignaros
1261 933 1425 1009 fateantur,
1443 934 1493 1011 qui
1514 933 1570 993 hue

506 1021 592 1079 etiarn
613 1018 771 1099 petrahunt
790 1018 963 1080 lsidorlanas
983 1019 1159 1094 decretales,
1186 1036 1252 1095 quoe
1270 1022 1335 1096 post
1356 1016 1487 1094 quinque
1510 1014 1570 1075 fere

505 1102 610 1162 sucula
627 1102 658 1162 in
679 1119 782 1161 manns
796 1100 950 1161 hominum
967 1108 1175 1181 pervenerunt.
1192 1098 1264 1161 Nolo
1279 1098 1310 1158 in
1328 1096 1436 1157 horum
1454 1096 1571 1175 ineptiis

505 1182 668 1244 refutandis
681 1183 788 1245 frustra
802 1202 920 1261 operam
935 1192 1046 1259 terere;
1062 1182 1167 1261 quiesi
1178 1179 1238 1259 jam
1254 1198 1304 1241 an.
1321 1180 1396 1256 ott,
1409 1197 1468 1258 quo
1481 1196 1570 1260 syno-

505 1262 559 1324 dus
570 1264 748 1326 Sardicensis
763 1265 861 1327 hahita
876 1273 935 1341 est,
951 1265 1000 1345 jns
1019 1265 1245 1345 appellationum
1256 1262 1294 1322 ad
1309 1261 1408 1322 sedem
1428 1261 1570 1339 Apostoli·

504 1365 567 1406 cam
602 1347 756 1426 probatum
782 1346 1044 1426 confirmatumque
1073 1348 1185 1420 fueret,
1221 1345 1306 1423 plane
1331 1362 1363 1404 se
1394 1342 1570 1403 deridendos

503 1426 651 1508 praebent,
666 1430 718 1507 qni
731 1448 764 1489 ea
778 1430 816 1490 de
830 1448 863 1490 re
877 1430 994 1491 initium
1007 1428 1083 1507 juris
1096 1426 1212 1508 positivi
1227 1446 1242 1487 a
1258 1426 1336 1487 falsis
1350 1425 1455 1486 lsidnri
1470 1424 1569 1485 deere-

441 1586 444 1591 .
504 1509 610 1571 talibus
624 1510 791 1573 ducendum
806 1530 867 1573 esse
879 1512 1070 1573 arbitrantur.
1086 1513 1270 1572 suntantea]
1282 1509 1312 1568 in
1323 1507 1489 1570 sardinensi
1502 1526 1569 1567 oon-

504 1593 570 1653 cilio
580 1611 705 1653 canones
715 1602 790 1670 tres,
802 1595 853 1673 qui
867 1592 905 1655 ad
919 1594 997 1655 hunc
1009 1593 1106 1654 locum
1156 1594 1284 1669 rtinent,
1300 1590 1441 1667 nimirum
1455 1608 1522 1650 cau.
1539 1590 1565 1664 3,

504 1678 523 1734 4
537 1684 566 1735 et
586 1676 671 1737 laen
685 1678 702 1737 5
714 1685 784 1738 tom.
801 1680 914 1737 leone.
930 1674 984 1737 coi.
998 1676 1103 1737 tibbco
1131 1672 1268 1735 labbei.
1285 1674 1357 1733 Gen.
1373 1674 1408 1748 5,
1425 1680 1461 1730 ut
1473 1681 1569 1731 osun-

504 1757 578 1819 dunt
601 1758 706 1819 fratres
723 1758 870 1820 Bnllerinii
891 1756 947 1820 loe.
963 1757 1014 1819 eit.
1035 1754 1088 1818 col.
1105 1756 1181 1831 947,
1198 1774 1256 1815 non
1271 1755 1399 1833 pertinet
1422 1753 1461 1813 ad
1472 1754 1569 1832 appel·

491 1840 643 1915 ,lationes,
659 1859 725 1919 quae
739 1847 804 1919 post
820 1841 917 1901 omnia
937 1840 1082 1923 gradatim
1103 1856 1206 1899 excusa
1219 1836 1329 1916 judicia
1346 1844 1495 1915 postremo
1510 1835 1568 1896 loco

502 1922 652 1983 adsedem
669 1922 861 2001 apostolicam
881 1923 1123 2000 interponuntur,
1141 1920 1193 1980 sed
1214 1919 1340 1997 pertinet
1358 1919 1397 1979 ad
1409 1916 1568 1978 secundum

500 2002 660 2082 judicium,
675 2004 754 2081 quod
778 2004 875 2064 statim
897 2012 962 2083 post
976 2004 1103 2081 primum
1114 2000 1257 2079 judicium
1272 2018 1288 2059 a
1302 2017 1417 2060 summo
1431 1998 1568 2060 Pontifice

494 2085 740 2146 constitueretur.
762 2085 877 2144 Novum
898 2085 930 2145 id
945 2084 1064 2165 quidem
1079 2092 1142 2144 erat
1158 2100 1310 2144 excomm
1326 2090 1493 2160 temporum
1508 2098 1568 2141 con·

503 2167 673 2241 suetudine,
695 2172 728 2227 ut
747 2166 798 2245 qui
825 2167 920 2245 primo
942 2166 1053 2246 judicio
1077 2167 1231 2227 damnatus
1254 2164 1366 2239 fuerat,
1392 2182 1453 2225 non
1476 2162 1566 2225 statim

420 2266 422 2271 ·
504 2248 560 2309 iret
574 2248 617 2319 ¹ad
640 2248 787 2327 episcopos
807 2247 943 2310 finitimae
968 2250 1140 2328 provincie,
1169 2254 1203 2311 ut
1225 2254 1343 2308 cautum
1364 2254 1426 2306 erat
1451 2245 1566 2306 concilio

505 2330 686 2391 Antiocheno
706 2349 773 2391 cun.
796 2332 834 2391 44
856 2328 959 2392 concil.
976 2339 1045 2392 um.
1067 2326 1154 2390 dccl.
1176 2330 1230 2391 ott
1252 2325 1318 2391 coll.
1342 2327 1467 2409 babber}
1484 2346 1568 2407 prop-

506 2421 585 2473 terea
598 2412 707 2483 dictum
724 2420 788 2471 est:
812 2438 825 2465 ιι
844 2413 874 2475 Si
893 2412 975 2474 vobis
989 2413 1097 2492 placet,
1113 2416 1143 2474 S.
1168 2409 1246 2473 Petri
1261 2410 1382 2491 apostoli
1399 2411 1568 2470 memoriam

505 2492 697 2570 honoremus,
723 2502 756 2553 ut
783 2494 928 2555 scribatur
961 2494 999 2555 ab
1033 2494 1095 2569 bis,
1120 2494 1172 2572 qui
1209 2512 1323 2555 causam
1350 2493 1566 2569 examinarunt,

506 2577 583 2639 Julio
607 2580 738 2640 Romano
760 2578 909 2656 episcopo,
935 2584 964 2637 et
987 2576 1012 2637 si
1031 2576 1206 2655 judicaverit
1226 2574 1427 2637 renovandum
1448 2593 1513 2636 esse
1523 2574 1570 2654 ju·

507 2658 630 2735 dicium,
656 2667 829 2735 renovetur,
852 2666 881 2719 et
904 2659 955 2719 det
969 2657 1117 2738 judices.»
1135 2658 1193 2720 Sed
1210 2660 1285 2719 ratio
1298 2658 1443 2718 Primatus
1464 2666 1495 2717 et
1510 2666 1568 2716 stu·

507 2740 589 2801 dium
611 2740 761 2818 coercendi
783 2741 933 2801 audaciam
953 2740 1195 2811 Eusebianornm,
1217 2740 1268 2820 qui
1287 2743 1416 2801 Romano
1438 2738 1566 2800 Pontifici

507 2824 537 2882 in
552 2825 645 2885 causis
658 2823 787 2885 Orientis
799 2824 846 2904 jus
861 2842 947 2885 suum
965 2825 1079 2903 eripere
1093 2822 1288 2898 conabantur,
1310 2823 1393 2896 fecit,
1410 2830 1442 2881 ut
1465 2841 1566 2883 novum

507 2905 580 2966 illud
599 2906 648 2985 jus
665 2905 901 2967 constitueretur.
918 2909 962 2967 De
980 2905 1220 2985 appellationibus
1238 2904 1346 2966 diserte
1362 2911 1455 2984 agunt
1481 2908 1567 2967 Cano·

507 3007 558 3049 nes
573 2991 633 3049 let
652 2989 670 3050 t
685 3007 736 3050 seu
757 2990 790 3063 5,
804 2989 898 3068 iisque
912 2990 1101 3048 constitutum
1116 2995 1174 3061 est,
1190 2987 1269 3066 qnod
1292 3005 1424 3048 summus
1438 2987 1566 3047 Pontifex

502 3061 711 3150 ¹appellationes
726 3071 860 3150 recipiat,
873 3089 907 3130 sc
922 3071 972 3130 det
982 3069 1095 3150 jndices
1107 3069 1333 3149 appellantibus,
1349 3069 1394 3129 vel
1405 3069 1470 3147 ipse
1483 3087 1566 3129 occsa

508 3153 624 3235 coquito
634 3153 809 3215 sententiam
820 3151 913 3236 scrut.
927 3153 1013 3229 Quod
1026 3152 1132 3212 elarius
1148 3151 1270 3229 explicet
1286 3153 1489 3230 interpretatio
1502 3152 1566 3212 llio-

509 3237 583 3312 nysii
596 3237 698 3317 Exigui
711 3237 758 3296 cit.
773 3253 839 3295 can.
851 3237 871 3296 4
886 3253 951 3314 que
962 3234 1009 3294 his
1019 3243 1063 3294 est
1074 3242 1210 3313 concepta
1220 3232 1316 3294 verbis
1329 3255 1337 3292 ε
1357 3257 1372 3286 «ι
1384 3235 1458 3294 Cum
1470 3232 1566 3311 aliquia

509 3318 658 3395 episcopus
683 3317 831 3396 depositus
846 3317 937 3377 fuerit
958 3334 1060 3378 eorum
1083 3315 1283 3396 episcoporum
1306 3314 1433 3393 judicio,
1456 3324 1487 3375 et
1509 3332 1566 3394 pro

509 3397 674 3458 clamaverit
695 3398 841 3478 agendum
866 3398 923 3458 sihi
942 3401 1092 3479 negotium
1114 3399 1146 3458 in
1169 3397 1248 3459 Urbe
1271 3399 1379 3475 Roma,
1405 3397 1480 3458 alter
1501 3397 1566 3475 epis

508 3495 597 3556 copus
617 3479 647 3538 in
672 3479 734 3557 ejus
759 3478 912 3552 cathedra,
937 3489 1003 3559 post
1027 3479 1248 3560 appellationem
1271 3479 1350 3558 ejus,
1377 3478 1428 3558 qui
1456 3478 1566 3539 videtur

509 3577 571 3619 esse
588 3559 749 3639 depositus,
770 3560 888 3624 omnino
909 3579 969 3622 non
989 3561 1160 3637 ordinetur,
1179 3561 1234 3621 uisi
1260 3579 1345 3622 causa
1363 3561 1452 3622 fuerit
1472 3561 1503 3620 in
1518 3560 1566 3637 ju-

509 3640 584 3703 dicio
598 3641 723 3721 episcopi
741 3643 864 3705 Romani
878 3641 1082 3705 determinata.
1102 3669 1114 3698 ι
1135 3643 1306 3724 Basnagius,
1323 3647 1370 3705 Du
1391 3645 1459 3711 Pin,
1476 3644 1566 3717 Ques·

486 3722 603 3784 ¹nellus
623 3732 653 3784 et
679 3725 783 3802 ceteri,
807 3725 857 3803 qui
882 3726 1066 3787 sardicenses
1089 3743 1212 3786 canones
1235 3726 1266 3787 in
1295 3727 1416 3786 Oriente
1439 3730 1566 3801 roeeptos

509 3812 631 3887 negant,
647 3805 812 3867 refutantur
827 3807 996 3868 certissimis
1012 3808 1187 3869 testimoniis
1211 3815 1242 3868 et
1259 3810 1470 3881 monumentis,
1484 3823 1563 3884 qne,

509 3897 616 3968 preter
639 3895 764 3964 eeteros,
786 3888 965 3969 collegerunt
986 3890 1091 3950 fratres
1117 3889 1263 3952 ballerinii
1283 3888 1334 3950 eit.
1360 3897 1430 3950 tom.
1459 3889 1563 3968 lopp.

510 3971 543 4033 S.
563 3971 651 4032 leon.
671 3967 724 4032 col.
745 3971 783 4030 ot
805 3977 834 4032 et
850 3978 920 4032 tom.
941 3973 959 4032 5
977 3990 1047 4066 pop.
1068 3975 1107 4034 ot
1130 3981 1254 4114 etita„
1279 3989 1312 4032 ac
1328 3971 1472 4050 losephus
1496 3969 1562 4031 Sim.

511 4053 694 4115 hssemanius
708 4047 837 4114 biblioth.
853 4055 926 4114 lor.
941 4061 1048 4114 creent.
1067 4061 1138 4115 mm.
1263 4057 1275 4114 l
1297 4071 1362 4135 cop.
1381 4056 1481 4136 δρας.
1499 4052 1562 4111 tto.

511 4139 599 4197 lleete
634 4152 795 4216 grecorum
832 4151 977 4196 canonum
1014 4136 1158 4216 interpres
1188 4133 1361 4196 Theodorus
1395 4135 1565 4196 Prodromns

510 4219 614 4281 Senior
627 4215 704 4298 apud
723 4215 937 4299 Papadopolum
952 4225 1079 4300 procot.
1097 4225 1225 4301 mystcp.
1243 4235 1314 4300 pop.
1334 4219 1394 4279 567
1412 4217 1450 4279 de
1463 4216 1509 4278 his
1522 4233 1565 4274 ea-
