3575 5625
877 591 1098 664 -292-

448 741 653 806 Aoti·Feiroo.
680 740 789 802 vindic.
815 759 886 823 por.
916 745 935 802 2
960 739 1078 802 dissert.
1104 741 1122 801 5
1144 742 1262 820 copti,
1280 747 1309 800 ct
1329 742 1522 802 Laurentium

449 825 538 887 Veith
561 823 598 885 dc
621 823 736 886 Gemin.
765 819 867 884 delect.
893 829 963 884 sect.
990 825 1009 883 2
1035 829 1094 882 art.
1117 823 1137 882 2
1159 818 1185 900 S.
1206 819 1246 880 20
1265 837 1351 882 nunt.
1374 821 1413 882 69
1439 841 1521 905 cosp,

448 905 589 984 aquibus
613 915 643 964 et
665 905 721 964 alia
751 906 835 982 plura
859 903 991 982 ejusdem
1013 903 1057 963 rei
1084 911 1275 964 monumenta
1300 903 1521 964 describuntur.

488 985 530 1068 (ὅ)
544 992 618 1049 curn
646 985 770 1048 Ecclesia
798 985 1012 1065 propositiones
1037 985 1164 1062 aliquas,
1193 985 1237 1044 uti
1272 983 1443 1060 haereticas,
1471 993 1524 1046 ant

447 1069 536 1128 etism
549 1085 701 1138 erroneus,
727 1067 772 1127 rel
793 1067 979 1143 temerarius,
996 1065 1177 1126 scundalosss
1194 1073 1251 1126 etc.
1272 1066 1333 1125 sire
1352 1067 1521 1144 speciatim,

447 1151 510 1210 sive
523 1149 684 1230 generatim
698 1154 729 1208 et
742 1149 773 1208 in
784 1146 869 1231 clodo
892 1147 1028 1222 dsmnct,
1049 1147 1160 1226 judicia
1180 1147 1244 1208 hece
1262 1163 1333 1207 rere
1358 1147 1523 1228 dogmatica

448 1238 618 1308 suntetque
640 1229 777 1290 omnibus
797 1238 909 1290 certum
930 1247 992 1290 esse
1009 1229 1113 1304 debet,
1134 1229 1245 1288 nullum
1264 1245 1328 1288 esse
1351 1247 1387 1288 ex
1412 1230 1450 1289 iis
1469 1247 1524 1289 no·

448 1320 527 1386 um,
541 1330 607 1389 quoe
624 1329 684 1371 non
706 1311 812 1372 merito
833 1312 865 1370 in
888 1309 953 1370 illus
974 1327 1027 1389 pro
1066 1311 1187 1371 sitiones
1209 1309 1312 1386 cedet,
1334 1311 1523 1388 preterecsi

448 1399 552 1474 egetur
569 1393 608 1453 de
624 1410 746 1452 censum
763 1391 909 1473 generali,
931 1391 1001 1474 inp
1070 1433 1079 1467 ,
1103 1392 1214 1451 nullam
1231 1409 1293 1452 esse
1318 1408 1354 1450 ex
1376 1391 1523 1452 damnatis

447 1473 709 1552 propositionibus,
730 1491 798 1550 quse
815 1491 876 1533 non
897 1473 993 1551 eliqua
1012 1491 1047 1532 ex
1065 1473 1243 1532 enumeratis
1262 1471 1338 1540 notis
1357 1471 1448 1552 digna
1472 1474 1520 1533 sit.

448 1558 536 1616 Secus
556 1571 653 1632 neque
676 1554 874 1635 dogmaticum
892 1562 968 1615 esset
988 1555 1138 1614 decretum
1156 1553 1269 1614 concilii
1291 1554 1524 1614 constantiensis

447 1653 522 1696 ress.
548 1637 589 1695 ts
614 1644 713 1696 contro
738 1635 876 1698 articulos
898 1635 1014 1698 wtctefi
1042 1643 1071 1694 et
1099 1635 1213 1706 llussii,
1237 1651 1333 1712 neque
1357 1635 1522 1715 dogmatica

448 1716 528 1776 ltulle
544 1717 648 1778 Leonis
669 1721 696 1778 X
718 1725 820 1778 contre
842 1716 979 1777 articulos
999 1713 1137 1791 Lutheri,
1163 1733 1218 1776 nec
1237 1716 1407 1776 constitutio
1430 1720 1462 1778 S.
1479 1717 1523 1777 Pii

447 1805 549 1858 contra
573 1798 693 1876 cajum,
708 1816 805 1876 neque
829 1799 900 1858 item
921 1797 1151 1878 dogmaticcrum
1174 1813 1274 1857 rerum
1295 1796 1360 1856 loco
1387 1796 1524 1857 habenda

448 1887 558 1956 essent,
572 1897 639 1956 que
658 1880 696 1938 ab
710 1881 880 1940 Innocentio
904 1881 945 1940 xt
969 1881 1000 1939 in
1023 1877 1236 1956 propositiones
1259 1879 1468 1956 reexcerpere
1488 1895 1523 1938 ex

448 1960 540 2036 libro,
568 1961 615 2020 cui
639 1961 756 2022 titulus:
777 1962 834 2022 Les
859 1960 1006 2020 crocinus
1033 1957 1085 2020 det
1105 1957 1209 2020 Scirtts
1230 1966 1284 2020 etc.
1308 1959 1420 2019 sancita
1440 1967 1521 2020 sunt.

448 2045 559 2103 cuncte
573 2041 636 2102 ltec
650 2041 767 2101 decreta
787 2051 816 2102 et
830 2042 1052 2102 constitutiones
1066 2041 1278 2118 propositiones
1291 2039 1325 2100 io
1337 2037 1423 2121 plebe
1437 2040 1523 2101 daur

449 2131 537 2196 nant3
559 2130 706 2182 ettamen
731 2131 835 2183 cttncte
852 2122 1004 2184 catholicis
1028 2121 1165 2182 omnibus
1189 2121 1352 2202 dogmatico
1374 2129 1456 2182 sunt.
1483 2126 1523 2183 Ae

451 2201 594 2264 llartlnus
615 2205 642 2264 V
664 2204 694 2263 iu
714 2203 809 2280 bullo,
833 2221 892 2281 qut
917 2203 1138 2266 constantiense
1151 2203 1307 2263 concilium
1331 2203 1521 2280 approbarit,

448 2299 585 2362 expresse
597 2285 737 2362 decrevit,
753 2294 787 2345 ut
806 2311 820 2338 ι
829 2285 999 2364 specialiter
1008 2284 1176 2346 litteratus»
1190 2283 1225 2365 (si
1239 2283 1278 2344 de
1286 2283 1392 2344 heresi
1407 2285 1446 2344 sit
1458 2301 1522 2345 sus·

448 2363 560 2444 pertus)
576 2367 654 2425 iuter
677 2373 774 2425 cetera
802 2366 1041 2445 «interrogetur,
1070 2373 1171 2426 utrum
1198 2366 1314 2442 credat,
1345 2367 1523 2426 mamutium

448 2446 522 2504 sacri
547 2446 776 2506 constantiensis
798 2446 913 2506 concilii
939 2463 1026 2524 supra
1044 2447 1237 2527 quadnginta
1254 2447 1386 2525 quinque
1400 2447 1524 2508 torneia

450 2526 573 2600 Wiclei,
602 2535 633 2586 et
655 2527 775 2588 Jecnnis
799 2529 861 2588 ilus
892 2527 1013 2608 triginta
1047 2528 1178 2588 articulis
1207 2527 1343 2606 superius
1366 2526 1524 2606 descriptis

448 2607 537 2666 latum
551 2607 615 2667 lore
635 2625 736 2668 ueram
755 2616 785 2668 ct
802 2607 990 2684 catholicam,
1006 2608 1115 2669 scilicet
1130 2607 1209 2686 quod
1223 2607 1415 2690 quadraginta
1429 2609 1524 2686 quin-

450 2705 508 2766 que
527 2686 642 2748 articuli
660 2690 780 2751 ioannis
799 2689 924 2765 Wiclei,
940 2698 969 2750 et
989 2692 1110 2751 loannis
1135 2693 1197 2750 llus
1221 2690 1341 2769 triginta
1363 2707 1420 2749 non
1448 2699 1525 2750 suut

449 2769 600 2844 catholici,
622 2770 675 2831 sed
701 2770 821 2849 qnidam
848 2787 884 2831 ex
903 2773 946 2832 eis
966 2779 1036 2832 sunt
1049 2771 1164 2832 notorie
1178 2771 1325 2847 haeretiei,
1339 2769 1459 2850 quidam
1473 2787 1525 2831 er·

448 2850 547 2927 ronei,
562 2852 612 2912 alii
628 2853 777 2912 temerarii
795 2861 825 2912 et
842 2852 988 2928 seditiosi,
1008 2854 1057 2913 elii
1071 2854 1186 2931 piarum
1203 2854 1320 2913 aurimn
1341 2851 1489 2913 oileusiri.
1502 2878 1517 2906 a

448 2934 547 3011 tltquc
560 2932 624 2994 hec
635 2934 756 3012 quidem
777 2933 909 3013 plurium
926 2935 1158 3014 propositionum
1172 2933 1376 2995 condemnatio
1390 2935 1426 2994 in
1438 2931 1524 3015 ploce

449 3021 530 3074 recte
553 3022 583 3075 et
606 3016 753 3095 sapienter
777 3016 938 3091 emittitur,
964 3031 1002 3075 nc
1025 3034 1082 3093 qua
1110 3014 1228 3076 illarum
1256 3014 1449 3091 defendatur,
1471 3025 1523 3075 eut

448 3097 547 3157 animo
561 3096 738 3172 retineatur,
751 3097 819 3158 licet
841 3113 901 3156 non
916 3096 1039 3177 singulos
1060 3098 1193 3157 eamdem
1205 3114 1358 3158 sensurum
1385 3112 1523 3157 mercen·

449 3184 514 3253 tur,
530 3196 566 3238 eo
578 3178 642 3239 lere
662 3179 766 3253 modo,
779 3197 839 3257 quo
851 3176 982 3255 prudens
997 3176 1128 3239 medicus
1141 3186 1251 3259 oegroto
1265 3178 1412 3257 sapienter
1426 3182 1522 3254 relat,

448 3274 487 3317 ne
501 3258 561 3318 ulla
573 3267 674 3321 utetur
686 3278 723 3320 ea
736 3260 883 3340 dapibus,
903 3277 969 3336 que
983 3258 1014 3318 in
1028 3259 1149 3337 opipare
1168 3260 1300 3320 convivio
1312 3268 1422 3337 perator
1435 3266 1521 3335 suut,

449 3340 588 3415 quonium
608 3356 709 3400 omnes
727 3348 838 3420 aegroto
850 3346 920 3399 sunt
933 3340 1042 3413 noxie,
1065 3340 1133 3400 lieet
1150 3340 1280 3401 medicus
1305 3358 1365 3401 nou
1380 3340 1521 3417 deliniet,

449 3419 597 3495 quomodo
619 3422 760 3501 singulte,
783 3428 834 3483 ant
846 3438 914 3498 que
927 3420 992 3499 plus
1006 3423 1141 3481 minusue
1157 3430 1293 3483 noscent.
1311 3421 1419 3483 cole
1433 3420 1523 3481 Pelle·

445 3499 579 3559 uicinum
603 3496 674 3561 ltist.
699 3519 778 3563 corte.
810 3500 945 3562 Trident.
971 3498 1023 3563 tic.
1052 3504 1065 3562 l
1097 3520 1164 3584 cop.
1191 3506 1249 3578 rt,
1275 3510 1305 3563 et
1319 3502 1523 3581 uonrnetynm

447 3577 578 3663 pecc.
604 3578 727 3664 ticolop.
747 3580 783 3643 de
803 3600 923 3644 ωηατ.
947 3590 1007 3645 ort.
1029 3586 1042 3644 l
1064 3589 1135 3644 tom.
1154 3586 1190 3660 5,
1209 3584 1261 3645 ubi
1275 3583 1367 3645 multe
1383 3582 1475 3645 habes
1489 3602 1524 3644 er

450 3662 535 3722 dere
549 3662 724 3723 testimonis.
740 3668 816 3726 Sum
837 3664 889 3743 qui
913 3663 965 3724 has
978 3664 1235 3726 condemnationes
1252 3666 1420 3745 generales,
1438 3674 1471 3725 et
1490 3665 1524 3725 ist

448 3740 543 3826 cloio,
567 3746 739 3807 recentioris
763 3746 926 3825 disciplinae
942 3762 1005 3806 esse
1025 3754 1147 3825 putaut3
1172 3754 1208 3807 at·
1224 3744 1351 3825 idipsum
1375 3748 1446 3808 satis
1460 3764 1525 3809 rme

449 3825 572 3887 deberet
590 3825 704 3886 homini
725 3826 882 3903 catholico,
898 3835 931 3887 ut
952 3826 1028 3889 hauc
1045 3827 1173 3888 ccclesias
1189 3827 1372 3907 disciplinam
1391 3845 1443 3904 co,
1464 3846 1524 3907 quc

450 3908 551 3985 decet,
570 3908 710 3986 obsequio
727 3916 894 3969 veneretur.
921 3910 1032 3969 Verum
1049 3910 1154 3969 laisum
1177 3916 1234 3985 est,
1255 3908 1333 3987 quod
1355 3910 1399 3969 illi
1423 3908 1522 3987 ejunt.

449 3992 524 4052 Sane
538 4008 604 4052 cum
626 3991 658 4050 in
681 3991 803 4052 concilio
815 3992 935 4053 Nicoeno
949 3990 1084 4051 damnata
1102 3997 1172 4051 sunt
1192 3991 1253 4051 Arii
1273 3990 1397 4069 scripta,
1418 4008 1452 4051 cc
1467 4009 1524 4051 no-

448 4074 584 4134 minatim
602 4072 666 4150 ejus
686 4072 803 4143 Thalle,
820 4090 879 4133 non
899 4070 1002 4132 eodem
1023 4088 1143 4150 prorsus
1168 4072 1231 4132 locu
1250 4072 1349 4133 habita
1369 4080 1441 4133 sunt
1459 4090 1525 4133 om-

449 4154 514 4233 nia,
538 4174 605 4235 que
628 4154 733 4216 iisdem
756 4152 871 4233 scriptis
898 4154 1134 4215 continebuntur.
1165 4156 1238 4215 cunr
1266 4154 1404 4234 Oripenis
1432 4170 1524 4233 opera
