3575 5625
888 647 1035 718 —424
1066 691 1111 704 -·-

499 796 541 878 (ὅ)
556 798 792 877 'suspensionum
804 797 871 858 lutus
884 799 1038 860 sententie
1053 799 1137 877 plura
1158 799 1191 860 in
1211 799 1279 878 jore
1301 801 1433 880 exempla
1454 811 1535 864 sunt.

460 883 523 940 llue
547 879 627 940 enim
650 887 782 958 speetsnt
804 898 870 962 sup.
897 881 916 964 ᾗ
944 877 980 942 ds
1005 896 1110 957 utum
1136 899 1203 962 cup.
1240 879 1319 944 dds
1349 880 1536 946 Oiuudestin.

458 959 611 1044 despons.,·
624 981 691 1043 cop.
709 962 727 1022 7
741 958 768 1043 S
785 959 857 1037 ult,
871 981 939 1044 cup.
953 964 1007 1039 25,
1024 980 1090 1044 cap.
1107 964 1147 1023 to
1159 964 1236 1023 elil
1251 961 1287 1024 de
1300 960 1395 1042 eleet.‚·
1413 984 1479 1048 top.
1498 969 1537 1028 tt

458 1041 494 1104 de
505 1043 557 1104 uit.
570 1049 599 1103 et
612 1039 725 1104 honest.
741 1039 860 1118 clerte,-
873 1043 1030 1104 ooneilium
1045 1042 1255 1105 Tridentinum
1269 1064 1336 1127 cap.
1355 1049 1367 1107 l
1383 1053 1411 1106 et
1427 1050 1445 1109 6
1462 1065 1536 1110 sess.

460 1127 500 1186 ii
513 1123 550 1186 de
562 1122 684 1208 reform.
700 1124 849 1199 matrim„
861 1125 976 1202 elinque
990 1125 1107 1186 similia.

508 1253 540 1356 ς.
568 1253 611 1326 V.
643 1253 769 1326 lndietn
785 1253 826 1325 ed
844 1269 972 1326 eertum
989 1271 1055 1324 tem
1082 1279 1119 1326 us
1138 1279 1190 1325 sus
1215 1256 1325 1344 ensio,
1347 1281 1387 1327 eo
1403 1255 1535 1354 elapso,

459 1354 600 1450 exspirat
626 1354 697 1450 ipso
715 1354 807 1450 jure,
830 1377 940 1448 neque
956 1377 1039 1450 opus
1057 1281 1162 1424 itabet
1187 1282 1332 1424 dominis
1359 1359 1535 1446 sententio,

460 1477 477 1522 a
506 1477 572 1548 qun
599 1466 815 1524 removeatur.
848 1447 915 1522 Sed
944 1453 1130 1546 suspensio,
1191 1474 1243 1522 uae
1277 1449 1369 1522 nullo
1397 1450 1536 1526 definito

460 1566 609 1646 tempore
638 1547 762 1619 inflictu
789 1563 851 1638 est,
877 1546 1010 1619 relaxari
1038 1546 1136 1620 debet
1156 1477 1197 1618 ii>
1218 1572 1271 1637 eo,
1302 1551 1359 1646 qui
1389 1550 1538 1624 eumdem

460 1647 601 1735 inflixit,
628 1643 789 1718 relaxetur
816 1660 947 1736 eutem,
977 1647 1003 1716 si
1028 1669 1199 1742 suspensus
1226 1647 1409 1742 resipuerit.

506 1795 539 1965 p.
595 1794 653 1866 Vl.
703 1794 893 1892 Numquam
944 1809 1054 1865 eutem
1107 1796 1292 1890 suspensio,
1335 1821 1537 1892 quamquem

460 1925 506 1968 nu
521 1896 553 1966 lo
584 1909 675 1965 eerto
721 1909 871 1989 tempore
914 1892 1067 1963 obstrictu
1110 1895 1174 1979 sit,
1217 1917 1309 1988 spem
1356 1896 1462 1966 venite
1502 1921 1539 1964 ue

459 1993 671 2066 restitutionis
700 1990 865 2079 excludit,
909 1992 943 2059 in
977 2015 1083 2086 eoque
1119 1985 1229 2060 differt
1258 2016 1276 2060 n
1310 1988 1536 2088 depositione,

460 2115 535 2188 quae
580 2105 774 2188 perpetuam
816 2114 854 2158 ne
904 2088 972 2158 sine
1022 2084 1088 2157 ullo
1131 2112 1188 2182 spe
1227 2089 1349 2178 renim,
1395 2091 1538 2160 exercitii

461 2205 561 2286 utque
607 2213 683 2259 usus
735 2186 890 2259 ordinum
938 2187 1152 2283 privationem
1200 2183 1339 2258 inducit.
1381 2186 1537 2276 Aeoedit,

461 2288 552 2385 quod
588 2287 697 2358 cleriei
731 2289 826 2358 saeris
859 2281 997 2374 officiis,
1035 2297 1092 2352 sut
1124 2282 1342 2355 ecelesiasticis
1370 2283 1540 2380 stipendiis

460 2388 606 2482 suspensi
642 2383 835 2478 dignitatem
868 2398 903 2451 et
935 2381 1133 2453 beneficium
1165 2406 1233 2453 non
1268 2383 1447 2474 amittunt,
1482 2381 1541 2454 sed

461 2499 591 2553 tentum
636 2483 808 2576 privantur
847 2478 1006 2550 fructibus
1059 2475 1229 2568 beneficii,
1278 2479 1412 2577 aliisque
1462 2481 1540 2552 inde

461 2578 701 2676 pendentibus,
753 2579 869 2675 suique
917 2574 1040 2647 ordinis
1089 2599 1127 2646 so
1178 2574 1344 2670 dignitatis
1402 2603 1541 2648 munem

462 2701 610 2748 exercere
654 2673 883 2772 prohibentur.
936 2671 1059 2746 Verum
1110 2670 1269 2769 depositio
1312 2700 1380 2746 non
1432 2669 1539 2747 solum

462 2773 617 2846 elerieum
650 2773 691 2845 sb
727 2775 818 2847 omni
856 2795 994 2844 munere
1024 2769 1147 2843 ordinis
1176 2797 1213 2842 no
1249 2771 1399 2844 beneficii
1428 2772 1540 2870 repel-

461 2873 521 2960 lit,
551 2872 608 2943 sed
639 2898 716 2942 eum
750 2873 846 2942 etism
879 2866 989 2942 offieio
1029 2886 1062 2955 et
1100 2868 1260 2942 beneficio
1290 2873 1427 2943 omnino
1469 2874 1543 2967 pri-

462 2985 516 3039 vat
557 2969 757 3067 titulumque
802 2968 927 3057 euiert,
970 2971 1014 3039 ito
1051 2983 1089 3038 ut
1139 2966 1180 3037 sd
1222 2968 1305 3038 illud
1346 2972 1416 3041 sine
1459 2994 1542 3041 nom

462 3068 635 3141 miletione
669 3067 776 3138 redire
799 3081 953 3163 nequest.

514 3216 546 3315 ς.
579 3215 654 3286 Vll.
696 3214 840 3287 Clericus
869 3239 1062 3311 suspensus,
1093 3216 1121 3287 si
1154 3239 1221 3311 quo
1258 3216 1392 3285 interim
1420 3214 1541 3311 iunga-

464 3333 519 3386 tur
565 3338 716 3401 munere,
754 3310 843 3383 unde
877 3312 1061 3409 prohibitus
1104 3328 1173 3402 est,
1212 3310 1398 3407 irregularis
1434 3314 1543 3385 effici-

463 3430 519 3481 tur
554 3411 622 3506 (i).
659 3407 793 3480 Nullum
823 3424 934 3481 tumen
971 3410 1254 3505 irregularitatem*
1284 3409 1472 3501 contrahit,
1517 3414 1544 3481 si

464 3507 546 3606 quid
583 3521 674 3602 geret
715 3530 850 3595 eorum,
894 3530 969 3603 qnae
1003 3508 1043 3577 ab
1091 3506 1206 3581 ordine
1252 3510 1430 3579 necessario
1461 3533 1544 3579 non

464 3605 632 3703 pendent,
667 3620 701 3676 et
738 3604 773 3676 id
802 3628 901 3701 porro
936 3620 1027 3699 geret
1066 3630 1134 3676 non
1160 3632 1199 3677 ex
1232 3603 1341 3678 officio
1379 3605 1543 3693 clericali,

464 3702 521 3775 sed
555 3716 723 3798 tamquam
759 3702 859 3773 lnieus
892 3700 1048 3798 quilibet,
1088 3708 1137 3775 uti
1169 3719 1246 3775 sunt
1285 3701 1439 3800 quaednm
1475 3706 1544 3773 mi-

463 3826 585 3873 norum
614 3798 768 3871 ordinum
799 3825 956 3886 munere,
997 3826 1071 3896 quse
1102 3804 1137 3872 in
1174 3800 1313 3873 eeclesiis
1341 3826 1381 3872 ex
1411 3816 1545 3898 receptu

464 3898 700 3973 eonsuetudine
720 3901 818 3970 etiem
841 3922 858 3967 s
880 3896 969 3969 luicis
988 3908 1180 3970 exercentur
1198 3898 1264 3997 (ᾖ).

505 4046 549 4127 (l)
571 4051 646 4130 Cup.
663 4050 676 4109 l
695 4045 853 4109 desmtem
869 4053 899 4107 et
911 4044 1050 4127 rejndie.
1068 4047 1101 4109 in
1113 4050 1144 4109 6.

505 4129 549 4210 (2)
568 4128 694 4192 Consule
708 4130 882 4221 lsqnsnum
904 4127 937 4189 in
958 4148 1025 4210 cop.
1043 4131 1062 4191 2
1082 4148 1168 4193 num.
1193 4131 1229 4191 tt
1251 4137 1278 4191 et
1300 4145 1362 4212 seq.
1387 4127 1424 4191 de
1441 4125 1543 4191 cleric.

464 4228 652 4273 excommun.
669 4216 845 4270 ministrate.
