3575 5625
686 598 907 668 -teo-

260 745 449 838 magistratu
478 743 573 816 datus
598 745 664 842 (i).
695 745 899 842 Municipalis
916 749 1117 842 magistratus
1132 749 1201 818 sine
1231 747 1325 818 Prin-

262 845 343 939 cipis
370 842 523 914 mandato
546 846 713 915 neminem
741 848 908 916 restituere
933 861 1038 942 potest
1070 845 1142 942 (2),
1171 848 1327 943 quoniam

262 965 332 1012 non
363 939 613 1013 babetmixtum
631 944 827 1039 imperinm,
857 946 950 1042 cujus
980 946 1157 1039 presertim
1190 961 1327 1041 estpro-

261 1040 333 1136 pria
357 1040 394 1109 in
424 1041 587 1134 integrum
620 1043 794 1113 restitutio.
831 1041 941 1139 Atque
980 1041 1014 1110 bi
1049 1042 1180 1138 quidem
1216 1067 1327 1114 conce-

262 1135 349 1206 dunt
391 1139 427 1208 in
472 1140 639 1234 integrum
683 1141 941 1230 restitutionem,
987 1164 1086 1236 quam
1133 1137 1326 1210 ordinariam

262 1234 415 1326 dicimus,
442 1261 517 1333 qnae
542 1235 663 1309 scilicet
688 1238 729 1309 ab
760 1239 828 1336 ipsa
859 1236 931 1334 lege
960 1253 1059 1334 atque
1091 1237 1176 1307 intra
1203 1253 1327 1308 certum

262 1349 409 1430 tempus,
444 1349 525 1433 puta
561 1339 646 1434 intra
674 1335 924 1433 quadriennium
950 1335 1119 1406 tribuitur.
1155 1333 1240 1405 Nam
1271 1361 1329 1406 es·

260 1447 312 1501 tra
345 1430 514 1523 ordinem,
541 1432 604 1506 boc
634 1449 683 1506 cst
709 1451 829 1532 praeter
860 1435 973 1532 scripti
1005 1433 1094 1504 Juris
1126 1435 1301 1529 imperium
1313 1485 1327 1523 ἃ

261 1531 311 1599 uti
340 1527 381 1600 fit
414 1533 451 1602 in
479 1531 750 1604 transactionibus
778 1549 812 1604 et
845 1532 1026 1622 similibus2
1060 1531 1216 1629 lapsoque
1253 1541 1342 1602 tem-⁸

259 1652 342 1724 pore
368 1654 386 1699 a
415 1628 489 1725 lege
513 1633 709 1720 constituto,
730 1628 815 1702 solus
843 1630 999 1727 Princeps
1029 1631 1183 1700 restituit.

301 1838 345 1920 (t)
367 1839 473 1934 boniet
486 1839 637 1920 Crudum
657 1838 766 1900 iuood.
792 1836 842 1902 bb.
866 1839 947 1902 trit.
973 1844 1013 1903 tu
1035 1859 1104 1922 opp.
1132 1847 1202 1901 tom.
1224 1835 1330 1900 iocol.

258 1919 407 2082 θὸἰῖἷάΐ
422 1929 471 2063 gg
497 2001 533 2084 ss.
564 1999 605 2062 ud
626 1999 800 2086 municipal.
827 2003 903 2064 Vide
930 2005 1094 2084 Scipionem
1121 2003 1265 2064 Gentilem
1296 2002 1331 2063 de

257 2082 421 2146 Jun'sdict.
432 2082 505 2146 titt
523 2102 588 2166 cup.
602 2087 642 2144 32
654 2103 722 2167 opp.
735 2087 838 2146 rome
911 2129 918 2146 .
937 2087 973 2147 96
989 2105 1049 2170 seq.
1066 2081 1110 2146 ed.
1124 2086 1221 2165 Νοαρ.
1237 2087 1327 2147 ttot.

258 2170 374 2227 Verum
390 2167 459 2245 jure
474 2166 582 2226 codicis
599 2168 687 2228 etiam
706 2105 909 2246 municipddsi
919 2168 1105 2249 magistratus
1128 2168 1159 2226 in
1180 2167 1328 2249 integrum

258 2248 519 2392 geptgprterpposse,
534 2257 632 2310 censet
646 2249 747 2310 Oddos
760 2247 796 2310 de
814 2249 910 2312 restit.
926 2250 959 2311 iu
981 2249 1087 2333 integr.
1102 2267 1172 2332 pror.
1192 2250 1205 2309 i
1221 2257 1325 2332 quest.

312 2510 342 2623 ᾗ.
369 2510 427 2581 Vl.
463 2511 666 2606 Magistratus
705 2511 856 2584 adsersus
885 2539 996 2602 suam,
1037 2529 1093 2582 aut
1129 2510 1249 2609 judicis
1279 2515 1328 2580 in-

257 2611 386 2680 ferioris
420 2612 544 2707 parisve
585 2613 752 2707 potestatis
796 2613 990 2683 sententiam
1037 2611 1195 2695 restituit3
1243 2609 1295 2679 int
1311 2651 1329 2665 -

259 2711 329 2780 rior
364 2723 472 2779 autem
514 2711 718 2802 magistratus
755 2724 867 2778 contra
914 2710 1087 2804 superioris
1133 2709 1380 2778 sententiam·‘

258 2809 432 2879 restituere
455 2833 524 2879 non
547 2823 655 2903 potest
683 2804 749 2903 (i).
780 2803 906 2877 Nostris
941 2805 1084 2877 moribus
1107 2805 1210 2905 judex
1242 2803 1329 2877 ordi·
1413 2893 1418 2903 Ι

258 2908 391 2996 narius,
425 2908 540 3003 quiin
573 2905 654 2976 urbe
685 2905 835 3002 principe
865 2906 920 3003 jus
958 2902 1087 2995 reddit,
1129 2906 1252 3001 quique
1289 2930 1326 2975 ex

258 3003 414 3075 omnibus
446 3003 617 3101 provinciis
660 3000 863 3101 appellatur,
901 3005 936 3072 in
978 3003 1143 3097 integrum
1189 3003 1329 3071 restituit

261 3102 414 3174 adversus
443 3102 587 3201 judicata
619 3104 868 3197 magistratuum
902 3098 1147 3197 provincialium
1184 3112 1219 3169 et
1254 3123 1331 3169 mu-

260 3200 474 3298 nicipalium
503 3200 560 3271 sed
596 3217 709 3272 contra
743 3200 844 3295 ipsius
863 3196 1048 3298 judicatum
1075 3223 1093 3268 a
1119 3196 1271 3293 Principe
1294 3198 1329 3267 in

258 3300 428 3395 integrum
466 3301 624 3370 restitutio
662 3295 865 3371 conceditur.
909 3294 1037 3369 dlicubi
1071 3321 1142 3368 mos
1182 3306 1253 3385 est,
1294 3310 1330 3367 ut

257 3415 398 3495 propter
435 3396 610 3470 incidentia
643 3398 679 3467 in
711 3395 769 3466 lite
808 3422 827 3467 a
864 3395 976 3495 jndice
1024 3392 1206 3486 ordinario,
1254 3420 1329 3465 cum

262 3520 340 3569 reso
371 3496 475 3591 agitur
510 3495 552 3569 de
587 3497 755 3595 praecipuo
788 3498 939 3589 negotio,
971 3492 1069 3569 veluti
1109 3491 1150 3565 de
1180 3510 1330 3565 contrac-

261 3594 371 3682 tibus,
421 3590 710 3683 transactionibus,
760 3590 980 3665 hereditatum
1030 3590 1225 3665 aditionibus
1273 3606 1328 3662 aut

256 3691 566 3792 repudiationibus,
621 3690 945 3789 praescriptionibus2
1020 3692 1115 3761 rebus
1176 3689 1329 3787 judicatis

254 3793 441 3889 ceterisque
465 3786 645 3877 similibus,
673 3815 741 3862 non
763 3790 826 3861 nisi
853 3780 1070 3886 a‘Principe,
1100 3786 1149 3859 rel
1185 3786 1226 3857 ab
1265 3811 1326 3873 eo,

255 3893 314 3965 cui
349 3888 422 3959 data
459 3890 529 3961 baec
556 3902 697 3985 potestas
727 3914 745 3957 n
776 3888 930 3986 Principe
960 3904 1027 3977 est,
1075 3888 1234 3959 restitutio
1273 3884 1329 3951 tri-

255 3994 386 4063 buatur
411 3987 478 4084 (ἢ).

286 4188 344 4268 dt)
366 4185 492 4249 Consule
513 4185 661 4265 cujacium
681 4183 736 4247 loc.
757 4186 820 4263 cit,
841 4194 870 4247 et
889 4184 923 4245 ia
946 4184 1017 4263 Lep.
1047 4182 1082 4242 16
1105 4179 1139 4262 ff.
1167 4174 1202 4237 rie
1215 4175 1324 4237 minor.
