3575 5625
698 687 920 756 -577-

258 837 399 917 triginta.
417 837 482 910 Quo
496 835 529 894 in
542 833 606 894 loeo
619 833 915 894 animadvertendum
931 841 989 909 est,
1009 832 1084 894 hane
1099 851 1213 914 paenam
1229 837 1341 913 imponi

258 936 324 978 non
341 925 464 997 propter
488 922 655 994 peccatum,
679 915 758 993 quod
778 924 854 976 esset
871 915 908 975 ad
933 917 1030 976 lorum
1056 917 1234 993 penitentiae
1260 916 1313 978 dei
1328 953 1344 966 -

257 998 409 1074 rendum,
426 997 478 1058 sed
491 1005 613 1076 propter
632 1005 781 1074 patentem
798 997 912 1058 eunetis
931 997 1137 1077 negligentiam
1154 998 1269 1068 cleriei,
1292 1003 1343 1078 qui

257 1089 363 1159 spreta
377 1077 482 1159 synodi
496 1079 578 1158 lege,
592 1078 793 1159 septimanam
805 1077 904 1161 secere
919 1075 1081 1139 distulerat
1089 1097 1155 1138 eum
1168 1080 1224 1138 alio
1238 1081 1343 1142 clerico

257 1179 355 1240 quem
369 1161 472 1222 eadem
491 1159 623 1240 synodus
640 1159 709 1221 rita
726 1159 974 1239 archipresbyteri
996 1169 1101 1220 testem
1117 1177 1179 1220 esse
1198 1162 1341 1224 voluerat.

257 1244 314 1305 Sic
327 1261 445 1322 quoque
458 1242 614 1302 concilium
625 1243 814 1302 Narbonense
828 1261 878 1302 an.
897 1243 956 1303 089
975 1245 1073 1303 euml
1093 1248 1164 1302 totu.
1181 1239 1265 1302 leel.
1284 1246 1343 1306 726

259 1324 423 1398 clericum,
439 1324 491 1402 qui
505 1324 662 1402 purpureis
680 1332 817 1384 uteretur
828 1323 974 1399 vestibus,
995 1321 1078 1385 uelut
1092 1331 1343 1404 transgressorem

259 1403 340 1487 legis
363 1403 555 1466 meandum
573 1404 690 1480 statuit,
713 1405 793 1466 unde
806 1404 1019 1486 intelligimus,
1034 1424 1099 1484 que
1121 1405 1164 1464 vis
1183 1413 1259 1466 esset
1272 1407 1345 1487 legis

260 1487 481 1562 ecclesiasticae,
496 1487 578 1565 cujus
593 1493 825 1568 traesqressores
839 1487 933 1566 paenis
956 1484 1110 1548 coercendi
1129 1494 1225 1546 erant.
1243 1486 1342 1548 idern-

261 1585 325 1646 que
353 1569 511 1629 concilium
539 1586 606 1629 eeu.
628 1570 667 1628 l2
691 1565 746 1628 col.
776 1570 837 1629 708
862 1569 980 1642 statuit,
1010 1569 1202 1630 subdiaconos
1227 1568 1343 1630 desides

260 1649 364 1710 verbis
385 1648 601 1728 corripiendos,
620 1655 672 1710 aut
688 1651 837 1728 stipendio
856 1649 1030 1728 privandae,
1052 1649 1181 1727 reliquos
1195 1667 1264 1710 vero
1283 1652 1343 1711 ele-

260 1731 342 1791 ricos
363 1729 464 1810 llagris
478 1728 663 1792 coercendos.
681 1733 760 1807 Quin
779 1732 867 1792 etiam
885 1731 1020 1808 abbates,
1039 1739 1160 1810 propter
1170 1730 1219 1809 jus
1242 1739 1271 1791 et
1295 1751 1345 1811 po·

262 1821 418 1888 testatem,
436 1831 525 1892 quam
545 1811 692 1872 habebant
714 1814 746 1873 in
766 1812 900 1874 subditos
917 1831 1000 1886 suos,
1021 1811 1077 1874 hoe
1098 1819 1141 1872 est
1165 1812 1340 1886 monachos,

262 1893 298 1955 in
326 1912 375 1955 eos
397 1902 461 1954 tum
487 1893 706 1973 spiritualibus,
741 1902 805 1955 tum
837 1893 1047 1973 temporalibus
1070 1892 1343 1955 animadvertebant

261 1977 380 2055 poenis,
399 1994 495 2054 neque
515 1975 575 2036 illis
589 1976 766 2047 utebantur,
783 1975 839 2036 nisi
853 1973 999 2055 flagitium
1010 1977 1150 2054 asperiori
1163 1993 1246 2054 poena
1261 1995 1344 2036 coer-

261 2057 391 2118 cendum
413 2057 574 2118 videretur.
596 2059 671 2119 ilinc
688 2061 820 2120 Socrates
837 2053 943 2119 butor.
967 2054 1017 2118 lib.
1042 2061 1062 2116 t
1089 2076 1157 2140 sup.
1182 2053 1242 2117 258
1268 2057 1340 2120 edit.

267 2136 437 2221 Cantabrip.
454 2141 551 2214 1720,
574 2139 612 2199 de
625 2141 748 2202 Arsenio
762 2139 868 2200 abbate
881 2141 1017 2219 AEgyptio
1031 2147 1144 2215 narrat,
1161 2155 1229 2199 eum
1251 2159 1342 2219 gran-

265 2220 365 2280 diores
387 2229 472 2281 etate
496 2219 671 2298 monachos,
703 2239 763 2282 non
788 2223 859 2283 item
882 2221 1015 2299 juniores
1042 2228 1163 2299 propter
1185 2223 1296 2282 crimen
1325 2243 1341 2283 a

263 2303 472 2364 eommunioue
488 2320 651 2380 separasse3
674 2303 814 2381 quoniam
834 2303 931 2383 ajebat
951 2301 1005 2362 bos
1030 2310 1151 2380 propter
1173 2319 1341 2364 excommu-

262 2383 440 2444 uieationam
464 2392 650 2444 contumaees
676 2385 759 2459 lieri,
782 2385 848 2446 illos
872 2392 971 2445 autem
995 2383 1057 2462 ejus
1078 2393 1159 2444 metu
1183 2393 1212 2444 et
1239 2386 1341 2447 dolore

260 2465 350 2526 iaeile
370 2466 552 2544 resipiscere.
575 2466 658 2527 ldem
681 2483 800 2546 quoque
822 2467 966 2527 sancitum
988 2474 1031 2526 est
1053 2467 1085 2525 in
1107 2466 1208 2546 regula
1235 2468 1340 2528 isidori

262 2547 443 2624 Hispalensis
463 2565 529 2628 cop.
546 2547 584 2607 ll
600 2548 679 2627 apud
701 2547 884 2609 llolstenium
906 2545 1179 2630 eod.1iequl.toru.
1200 2549 1212 2607 l
1228 2565 1263 2628 p.
1281 2551 1339 2609 teo·

262 2625 337 2688 edit.
350 2631 429 2709 Aup.
449 2625 592 2689 visitetis.
611 2630 707 2706 1759,
723 2629 774 2689 ubi
784 2628 938 2692 ,habentur
954 2628 1032 2690 baee:
1055 2654 1070 2684 a
1083 2632 1116 2689 ln
1133 2629 1240 2688 minori
1255 2638 1341 2691 etate

261 2710 415 2770 eonstituti
437 2729 497 2770 non
518 2718 588 2772 sunt
610 2711 763 2772 coercendi
785 2711 930 2772 sententia
949 2711 1272 2780 excommunicationis,
1288 2713 1341 2772 sed

261 2807 320 2869 pro
339 2791 501 2869 quantitate
527 2792 713 2875 negligentia
733 2792 872 2873 congruis
900 2791 1076 2853 emendandi
1099 2800 1169 2853 sunt
1192 2791 1295 2873 plagis.
1320 2818 1335 2847 a

262 2871 375 2935 Iisdem
391 2883 550 2934 occurrunt
570 2874 602 2935 in
620 2874 722 2955 regula
738 2875 856 2936 ldaearii
868 2892 934 2956 cup.
963 2875 1001 2934 lb
1018 2872 1096 2952 apud
1112 2873 1249 2934 eumdem
1269 2877 1341 2935 llol-

261 2953 411 3029 stenium,
437 2954 470 3014 in
486 2957 587 3036 regula
609 2956 758 3018 benedieti
778 2975 844 3039 cup.
867 2957 907 3015 70
929 2952 969 3015 ib.
989 2973 1060 3035 pap.
1086 2956 1161 3030 lbb,
1183 2955 1213 3013 in
1240 2957 1341 3035 regula

261 3035 416 3096 Aureliani
436 3054 503 3117 eop.
523 3039 560 3098 ll
583 3034 623 3098 ib.
639 3056 714 3132 pag.
739 3038 814 3114 tot,
838 3036 1002 3114 eodemque
1022 3034 1176 3096 reserenda
1200 3044 1268 3095 sunt
1288 3056 1338 3113 ea,

260 3134 331 3193 quae
344 3116 382 3177 de
399 3116 551 3195 disciplina
570 3137 696 3179 maxime
718 3120 845 3180 eeclesiae
864 3120 895 3179 in
917 3125 1017 3177 monte
1039 3116 1143 3178 Nitriae
1158 3116 1248 3175 tradit
1271 3119 1341 3177 Pal·

260 3196 361 3258 ladius
380 3194 450 3259 tiu.
475 3200 615 3260 Lousios.
638 3220 705 3282 cap.
722 3202 741 3260 6
758 3220 830 3282 pap.
855 3200 916 3260 908
932 3199 963 3259 in
986 3194 1129 3259 Bibliotb.
1147 3198 1214 3257 PP.
1227 3216 1340 3279 graeco·

262 3275 320 3338 lut.
344 3282 451 3339 tomi
472 3278 544 3340 edit.
567 3282 670 3343 Puris.
692 3279 1125 3360 consequeremur,
1147 3297 1212 3357 quae
1235 3297 1340 3358 eorpus

261 3361 449 3437 cruciabant,
477 3360 533 3422 boe
548 3362 604 3422 sibi
621 3362 741 3425 abbates
759 3364 941 3443 propositum
967 3360 1130 3436 habebant,
1151 3368 1184 3421 ut
1204 3364 1339 3423 monaehi

262 3441 415 3501 criminosi
432 3442 672 3504 emendarentur.
700 3444 758 3506 Sed
779 3444 826 3504 irie
845 3445 924 3505 idem
945 3443 1014 3504 linis
1034 3452 1078 3503 est
1095 3443 1228 3502 omnium
1249 3446 1340 3505 ecele-

262 3522 446 3583 siasticorum
465 3542 632 3602 poenarum,
658 3544 724 3602 quae
740 3526 831 3585 sontis
854 3525 1090 3587 emendationem
1117 3533 1341 3605 ceterorumque

263 3604 432 3682 exemplum
450 3606 621 3684 respiciunt.
646 3610 778 3667 interum
800 3626 836 3667 ex
854 3626 888 3667 eo
909 3614 1037 3681 constat,
1060 3606 1189 3685 antiquis
1212 3609 1340 3669 ecelesiae

262 3685 398 3763 patribus
422 3686 462 3745 ita
483 3696 596 3747 eertum
617 3695 647 3747 et
667 3689 851 3767 exploratum
872 3688 961 3749 luisse
986 3688 1191 3749 ecclesiasticos
1205 3692 1340 3767 praelatos

259 3766 313 3844 jus
326 3766 435 3827 babere
448 3766 601 3849 iniligeudi
622 3786 723 3847 peenas
740 3770 908 3848 spirituales
929 3776 958 3829 et
982 3770 1162 3848 corporales,
1189 3780 1223 3829 ut
1250 3773 1340 3832 etiam

263 3846 384 3908 abbates
411 3850 559 3929 regulares
586 3857 726 3927 utrasque
752 3851 974 3927 constituerint,
1002 3859 1122 3931 propter
1148 3860 1337 3928 potestatem,

263 3948 352 4007 quam
374 3929 521 3991 habebant
534 3932 565 3991 in
580 3930 738 3992 monachos
755 3976 763 4007 ,
786 3932 895 4010 quibus
913 3933 1122 4012 praesidebant.
1138 3932 1238 3993 Falsus
1251 3933 1340 4012 igitur

264 4014 389 4073 estvm
404 4015 514 4091 Espen,
529 4012 580 4091 qui
595 4013 744 4073 ecelesiam
758 4020 873 4074 tantum
887 4014 1053 4092 spirituales
1065 4030 1163 4091 poenas
1175 4013 1337 4091 irrogasse,

263 4110 371 4171 easque
394 4111 490 4154 meras
511 4094 601 4155 luisse
617 4112 771 4170 censuras,
786 4114 852 4174 quas
877 4096 1009 4155 animum
1031 4094 1214 4173 affligebant,
1229 4094 1340 4172 quique

270 4199 284 4226 a
298 4176 376 4235 Ante
387 4175 569 4256 evulgatam,
585 4184 618 4235 ut
633 4176 694 4254 ipse
708 4178 806 4253 inquit
817 4194 887 4257 per.
904 4178 922 4237 5
937 4176 983 4237 tit.
1002 4178 1035 4237 ll
1053 4192 1137 4235 num.
1152 4175 1187 4248 2,
1200 4182 1229 4233 et
1242 4192 1340 4255 recep-

263 4264 322 4316 tam
343 4255 534 4317 isidorianam
553 4257 770 4335 collectionem,
791 4258 941 4317 ecclesiam
961 4274 1014 4317 nee
1031 4253 1125 4335 poenis
1143 4256 1338 4335 pecuniariis,

364 4360 442 4405 rou.
471 4361 508 4407 n.
766 4366 770 4371 ·
1182 4336 1239 4407 17.
