3575 5625
942 584 1164 655 -ttt-

515 751 574 798 nou
595 741 694 796 autem
715 733 778 795 haec
800 731 889 795 verbu
915 733 1096 814 significant,
1122 731 1367 810 quodputnruut
1395 731 1564 812 interpretes,

515 826 603 877 testes
627 826 737 877 secreto
764 815 987 896 interrogandos
1011 823 1100 892 atquc
1129 813 1339 874 examinandos
1362 831 1436 874 esse.
1461 815 1567 876 Consule

516 898 664 976 Cujaeium
679 895 719 958 od
729 917 756 958 e.
766 899 785 958 2
797 895 833 958 dc
844 893 950 958 Tastris.
967 905 989 957 t.
1007 897 1027 957 6
1041 892 1095 957 eol.
1110 896 1169 957 857
1185 893 1233 957 ed.
1244 893 1295 956 eit.

564 1051 595 1150 §.
624 1050 716 1122 xtx.
746 1051 880 1124 Peracto
913 1054 1045 1123 testium
1078 1053 1247 1141 examine,
1280 1049 1490 1146 publicanda,
1514 1054 1566 1122 sire

516 1149 676 1244 vulganda
721 1173 759 1220 ae
794 1149 997 1245 litigantibus
1054 1147 1308 1221 demonstranda
1346 1165 1425 1219 sunt
1458 1151 1566 1237 omnia,

516 1265 553 1318 ut
590 1247 798 1342 intelligant,
842 1247 923 1345 quid
969 1261 1098 1343 gestum
1138 1245 1332 1344 dictumque
1371 1247 1433 1336 sit,
1480 1271 1513 1317 ac
1547 1249 1566 1316 si
1636 1324 1637 1331 ,

515 1343 595 1442 quid
624 1344 747 1416 habent
778 1344 999 1443 objiciendum
1035 1344 1205 1443 proferant
1231 1344 1299 1442 (l).
1335 1343 1380 1414 At
1412 1359 1481 1440 post
1512 1370 1565 1439 pu·
1636 1340 1637 1415 Ϊ

515 1443 724 1514 blioatiouem
751 1469 859 1539 neque
887 1467 986 1539 super
1013 1443 1188 1539 propositis
1219 1440 1383 1531 ardentis,
1413 1443 1471 1512 nisi
1498 1441 1567 1512 forte

516 1536 618 1637 aliqui
643 1543 751 1612 omissi
780 1539 904 1612 fuerint
930 1540 1002 1636 (2),
1033 1537 1256 1634 interrogandi
1285 1553 1363 1610 suut
1393 1554 1486 1610 testes
1506 1539 1565 1634 (ὅ)

516 1663 624 1734 neque
651 1641 686 1708 iu
715 1663 829 1710 eorum
856 1662 1010 1735 personas
1036 1636 1160 1733 aliquid
1197 1639 1322 1734 opponi
1359 1653 1484 1732 potest,
1520 1637 1567 1706 nisi

517 1737 573 1832 qui
602 1758 657 1806 eos
686 1734 826 1826 refellit,
865 1739 957 1833 prius
975 1737 1085 1834 juret,
1121 1760 1155 1807 se
1189 1734 1225 1805 id
1253 1758 1319 1806 non
1356 1733 1433 1806 dolo
1461 1734 1566 1821 sacen,

516 1847 572 1902 aut
598 1833 660 1903 nisi
698 1851 773 1904 ante
811 1832 1066 1930 publicationem
1099 1846 1297 1930 protestatus
1335 1833 1399 1922 sit,
1432 1847 1488 1902 aut
1520 1831 1566 1900 nisi

516 1929 696 2000 ostenderit
746 1955 779 2000 se
824 1928 959 2001 demum
1005 1945 1081 2025 post
1136 1929 1390 2026 publicationem
1444 1927 1566 1999 didicisse

515 2028 743 2121 exceptionum
784 2051 913 2115 causas,
946 2051 1027 2123 quas
1061 2030 1265 2122 ignoraverat
1301 2027 1368 2122 (l).
1415 2026 1519 2097 Testes
1536 2024 1566 2092 ab

514 2136 622 2193 actore
651 2121 743 2193 datos
771 2122 918 2194 refellere
943 2139 1052 2220 potest
1079 2149 1154 2195 reus
1185 2127 1353 2197 contrariis
1380 2123 1423 2193 ab
1449 2149 1481 2195 se
1503 2145 1568 2218 pro·

517 2218 621 2289 ductis
656 2221 810 2310 testibus,
846 2244 929 2319 quos
964 2237 1055 2294 actor
1090 2223 1159 2293 aliis
1193 2226 1273 2293 item
1302 2221 1440 2294 testibus
1466 2221 1568 2292 reluta·

515 2315 584 2404 bit;
623 2333 721 2414 atque
765 2318 818 2388 bic
859 2319 958 2390 debet
1001 2321 1178 2391 consistere
1220 2318 1397 2417 productio
1439 2321 1567 2400 testium,

516 2431 553 2483 ut
582 2413 654 2485 lites
683 2415 828 2486 habeant
857 2415 1003 2488 medium
1033 2415 1209 2514 quemdam
1238 2416 1376 2490 modurn
1407 2419 1471 2514 (5).
1500 2415 1568 2486 Cum

515 2514 602 2582 iuter
630 2515 745 2583 actoris
772 2517 884 2611 reique
918 2530 1014 2585 testes
1039 2539 1151 2611 pugna
1184 2531 1253 2605 est,
1287 2514 1363 2613 plus
1396 2515 1462 2588 fide
1496 2511 1570 2607 digni

516 2633 553 2680 ac
595 2611 814 2682 verisimiliora
863 2612 1083 2702 affirmantes,
1131 2637 1209 2684 oum
1248 2612 1321 2685 boae
1361 2616 1399 2686 in
1440 2609 1569 2684 omuibus

514 2709 603 2802 paria
619 2724 729 2797 aunt,
757 2707 868 2804 plures
896 2734 1037 2782 numero
1063 2709 1285 2806 preferuntur
1314 2709 1387 2807 (6).
1426 2710 1569 2782 Testimo-

513 2805 565 2873 uia
588 2828 663 2875 vcro
697 2807 731 2876 in
765 2832 831 2877 uuo
861 2806 987 2905 judicio
1019 2824 1150 2906 receptu
1180 2806 1284 2879 fidem
1316 2807 1442 2882 faciunt
1467 2810 1500 2877 in
1524 2830 1569 2876 oa·

515 2900 590 2972 dem
621 2928 737 2992 causa,
766 2919 798 2975 et
824 2908 911 2975 iuter
938 2905 1067 2977 easdem
1107 2930 1260 3002 personas
1291 2932 1405 2978 eoram
1436 2904 1495 2977 alio
1521 2905 1569 3001 ju·

515 2998 585 3069 dice
613 2999 692 3097 (7);
728 3000 784 3071 sed
826 3004 861 3073 in
897 3007 1073 3076 summario
1105 3020 1234 3101 recepta
1272 3006 1307 3074 iu
1340 3005 1486 3101 plenario
1517 3021 1568 3069 uon

513 3096 655 3192 probant
673 3098 739 3195 (8).
794 3126 798 3133 ’

555 3256 597 3337 (1)
620 3260 693 3339 Cap.
708 3261 746 3320 15
759 3266 787 3320 et
798 3262 833 3321 ll
846 3256 882 3320 dc
901 3257 1008 3323 Testib.
1021 3261 1063 3340 (2)
1086 3260 1159 3342 Cap.
1171 3261 1212 3321 ts
1226 3258 1292 3322 eod.
1447 3310 1459 3336 ,
1633 3275 1635 3410 p

468 3414 472 3421 ι
554 3338 584 3417 (5
620 3342 692 3419 Cap.
710 3342 760 3411 17,
777 3343 908 3401 iactat
924 3340 987 3402 eod.
1003 3342 1045 3421 (t)
1061 3340 1262 3422 Cup.5lcod.

554 3420 584 3493 (d
620 3420 693 3499 Cap.
722 3422 776 3497 tt,
793 3424 848 3495 tt,
873 3422 913 3482 tt
929 3431 958 3482 et
976 3424 1014 3485 tt
1033 3421 1096 3484 eod.
1121 3421 1179 3485 Sed
1206 3422 1374 3499 interdum,
1401 3432 1436 3485 ut
1460 3416 1569 3483 bisloris
1632 3461 1633 3470 ,

514 3498 690 3577 explicatur,
705 3500 791 3578 justis
810 3502 955 3565 decausis
974 3507 1063 3565 etiarn
1082 3512 1186 3583 quartu
1204 3504 1323 3565 testium
1345 3505 1498 3583 productio
1516 3518 1570 3561 eon·
1632 3473 1634 3612 )

513 3580 638 3640 ceditur.
652 3580 728 3641 illud
740 3583 937 3645 omittendum
952 3603 1010 3646 non
1029 3592 1089 3661 est,
1110 3584 1189 3663 quod
1207 3593 1287 3646 reete
1303 3586 1442 3647 observat
1456 3582 1570 3662 Cujacius

514 3658 555 3720 ad
569 3680 595 3721 c.
613 3662 652 3721 tt
668 3660 703 3723 de
722 3662 828 3725 Teatil.
854 3664 905 3726 rit.
926 3674 996 3728 om.
1020 3664 1110 3728 θοοὶ.
1137 3668 1215 3742 867,
1239 3686 1380 3747 magnum
1405 3670 1484 3729 iuter
1498 3661 1571 3725 reial-
1631 3665 1632 3724 l

510 3740 614 3803 londos
634 3744 894 3825 producendosque
910 3755 999 3810 testes
1017 3748 1175 3809 discrimen
1194 3749 1390 3812 intercedere.
1412 3754 1486 3813 Nam
1500 3754 1571 3807 teste
1631 3729 1633 3816 l

512 3822 605 3885 refelli
626 3833 655 3886 et
674 3828 795 3887 relatori
810 3827 899 3889 ctiam
919 3837 984 3909 post
1006 3830 1232 3910 publicationem
1252 3840 1332 3892 recte
1355 3838 1494 3910 possuut3
1516 3841 1569 3888 eum
1630 3869 1631 3880 ,

512 3916 610 3967 tamen
624 3916 687 3986 post
706 3908 933 3985 publicationem
953 3911 1061 3991 iidem,
1087 3912 1134 3974 vel
1158 3912 1207 3973 alii
1228 3930 1287 3973 uon
1311 3912 1521 3993 producantur.

565 3988 596 4067 6)
619 3992 693 4071 Cap.
716 3990 805 4052 sade
830 3989 935 4055 Testsb.

566 4070 595 4148 7)
619 4073 691 4153 cap.
709 4074 743 4132 rt
760 4070 822 4133 eoa.

556 4152 597 4231 (8)
621 4155 693 4235 Cap.
709 4152 822 4215 38eod.
