3575 5625
648 610 871 681 -541-

213 760 396 855 Episcopus
442 755 539 855 hujus
579 758 726 829 criminis
763 784 838 831 reus
872 785 889 828 a
932 760 1121 857 provinciali
1169 762 1297 860 synodo

214 854 423 947 monendus,
462 856 587 927 monita
626 855 807 952 despiciens
847 857 1057 954 suspenditur
1102 874 1137 929 et
1184 858 1295 932 adhuc

215 953 375 1048 flagitiose
405 954 514 1025 vivens
550 978 569 1025 a
606 977 736 1025 summo
770 953 934 1026 Pontifice
963 956 1150 1052 episcopatu
1183 960 1296 1054 priva-

219 1067 276 1121 tur
303 1050 373 1148 (1).

255 1198 299 1279 (Ι)
319 1197 482 1261 Concilium
495 1196 704 1261 'tridentinum
717 1216 790 1261 sets.
807 1199 846 1261 tt
861 1217 931 1281 cap.
945 1200 985 1260 tt
1000 1196 1037 1260 dc
1050 1197 1176 1281 reform.

263 1338 296 1439 S.
322 1338 382 1412 tv.
414 1338 474 1412 Stu
500 1366 575 1412 rum
600 1367 619 1412 a
641 1338 758 1413 clerieo
778 1340 907 1413 illatum
925 1340 1069 1415 ecclesiae
1088 1340 1176 1438 leges
1192 1341 1300 1414 mulc-

214 1453 289 1509 tant
338 1462 437 1537 poena
476 1366 686 1536 Sepositionis
729 1438 771 1509 ab
814 1438 924 1512 officio
969 1453 1003 1510 et
1033 1464 1133 1512 onere
1162 1440 1300 1513 dotandi

217 1534 383 1631 puellam,
415 1560 491 1633 quoe
521 1540 586 1606 rim
622 1562 716 1634 passa
753 1553 802 1607 est
832 1536 901 1633 (1).
931 1535 1055 1625 Hodie,
1084 1552 1205 1634 praeter
1233 1536 1299 1610 do·

214 1636 395 1720 tationem,
433 1636 617 1747 suspensio,
654 1632 776 1705 mulcta
813 1636 1032 1749 pecuniaria,
1052 1658 1161 1750 carcer
1197 1636 1296 1748 etiarn

216 1730 764 1926 tttttsfhtttnjttttt
778 1756 923 1901 iiiii
963 1730 1108 1919 ''tt-¹2⁰,
1138 1732 1299 1903 {⁰3⁸3ss

215 1940 308 2015 tare,
338 1942 395 1997 aut
426 1950 560 1997 uxorem
598 1926 717 1999 ducere
750 1926 851 1999 debet
885 1854 1076 2017 muffirem,
1117 1952 1193 1998 cum
1233 1952 1298 2025 qua

218 2022 399 2095 concubuit
427 2024 508 2122 (2),
541 2026 602 2095 nisi
630 2023 719 2097 aliud
750 2040 852 2097 status
890 2049 1127 2122 personarum,
1154 2040 1212 2095 aut
1242 2050 1299 2095 rc·

219 2146 296 2191 rum
331 2119 473 2193 conditio
506 2123 669 2217 postulet,
703 2123 779 2220 quia
815 2136 897 2194 tunc
928 2124 1067 2219 pecunia
1104 2121 1190 2195 dotis
1226 2120 1300 2193 loco
1343 2147 1347 2154 ·

216 2216 327 2289 danda
372 2234 430 2289 est.
473 2218 597 2291 Verum
640 2221 699 2317 qui
748 2218 921 2291 mulierem
960 2222 1173 2315 compressit,
1221 2217 1298 2289 data

218 2317 418 2387 matrimonii
461 2315 548 2406 fide,
594 2318 621 2386 is
662 2315 811 2389 camdem
849 2316 954 2389 fidem
990 2315 1129 2387 liberare
1162 2318 1298 2389 omuino

218 2410 317 2483 debet
352 2413 420 2510 (ὅ).
449 2411 566 2485 civiles
598 2410 686 2511 leges
717 2416 830 2511 capitis
856 2418 955 2486 etiam
986 2414 1210 2486 condemnant
1233 2414 1299 2487 ho·

218 2512 365 2599 minem,
400 2513 457 2606 qui
496 2510 666 2584 mulierem
725 2538 762 2583 er
792 2513 857 2581 vim
895 2515 1077 2607 stupravit,
1115 2515 1297 2609 presertim

217 2604 313 2678 valde
342 2605 525 2699 honestam,
547 2624 605 2681 aut
621 2538 765 2707 puelEm
786 2608 937 2680 nondum
953 2627 1116 2681 maturam
1137 2612 1204 2681 viro
1224 2607 1293 2704 (4).

216 2702 287 2789 Qui
313 2706 379 2775 rim
404 2706 536 2796 intulit,
560 2705 617 2779 sed
639 2722 791 2805 stuprum
818 2706 977 2804 perficere
1004 2732 1073 2779 non
1093 2710 1216 2803 potuit,
1239 2732 1298 2777 au-

217 2802 290 2876 best
316 2804 441 2900 poenis,
465 2829 538 2901 quae
559 2804 681 2906 judicis
708 2805 842 2878 arbitrio
873 2802 1081 2899 infliguntur.

275 2973 302 3056 t)
326 2979 400 3057 Cup.
416 2979 430 3037 t
450 2973 781 3060 concatenatum.

271 3057 302 3138 2)
325 3059 359 3120 ln
378 3075 445 3154 cop.
463 3061 476 3120 t
495 3057 545 3119 cit.
562 3059 716 3134 statuitur,
732 3067 766 3120 ut
780 3057 832 3137 qui
848 3066 985 3137 stuprum
1006 3055 1123 3131 intulit,
1139 3063 1299 3133 utrumque

219 3145 355 3217 praestet,
376 3139 484 3200 scilicet
499 3148 528 3201 et
542 3141 638 3218 dotat,
655 3148 685 3201 ct
709 3159 836 3201 uxorum
851 3139 939 3200 ducat
959 3138 1133 3212 mulierem,
1149 3155 1215 3198 curn
1240 3155 1298 3215 qua

216 3219 386 3281 concubuit.
405 3223 515 3283 Verum
535 3223 616 3286 turis
635 3223 765 3283 canonici
786 3223 965 3301 interpretes
981 3219 1197 3298 conjunctivam
1212 3218 1300 3297 parti·

220 3301 316 3362 culam
331 3309 360 3362 et
379 3302 554 3380 disjunctive
572 3305 737 3383 accipiunt,
764 3311 797 3364 ut
814 3304 925 3364 scilicet
944 3302 1078 3362 criminis
1099 3319 1168 3362 rcus
1192 3300 1299 3362 alteru·

218 3390 299 3444 trum
314 3390 430 3444 tantum
448 3393 587 3464 prestare
606 3393 737 3466 cogatur.
756 3385 864 3447 Confer
884 3389 1055 3466 Fugnanum
1081 3382 1115 3442 in
1139 3399 1205 3463 cop.
1230 3378 1298 3442 Me

218 3461 347 3526 muter.
365 3473 393 3526 et
404 3473 502 3547 stupr.
518 3485 604 3528 num.
620 3469 638 3528 2
656 3474 685 3528 et
706 3469 741 3544 5,
758 3473 788 3528 et
801 3466 943 3529 Macchat.
960 3465 1032 3528 inat.
1054 3463 1189 3526 canonic.
1210 3459 1261 3524 tit.
1279 3465 1297 3524 t

221 3546 266 3607 tit.
284 3549 420 3607 tonum.
436 3551 486 3608 ta.

255 3626 299 3790 (op
310 3627 435 3690 Consule
447 3628 599 3691 Giraldurn
612 3629 735 3711 exposit.
743 3628 811 3710 jur.
824 3637 908 3710 pont.
922 3627 973 3692 tc.
990 3631 1008 3692 t
1023 3629 1069 3692 tit.
1087 3627 1295 3691 tuirstatt.

256 3705 287 3788 (t
322 3708 358 3770 t.
377 3712 389 3771 t
408 3706 435 3790 S.
451 3708 509 3772 ult.
525 3709 560 3794 ff.
575 3708 610 3772 oe
624 3708 779 3772 extrueret.
795 3711 880 3772 crim.

263 3860 294 3962 §.
321 3861 365 3934 V.
401 3863 609 3936 Adulterium
640 3891 659 3936 a
690 3868 767 3964 jure
798 3865 883 3937 cirili
926 3865 1033 3962 gladio
1062 3863 1138 3960 (t),
1173 3889 1191 3934 a
1217 3865 1295 3962 jure

216 3963 371 4032 canonico
411 3963 447 4031 in
482 3963 563 4035 laico
606 3965 961 4053 excommunicatione,
997 3967 1033 4034 in
1073 3963 1189 4033 clerico
1233 3959 1295 4028 de-

214 4061 373 4152 positione
398 4060 536 4154 punitur
575 4059 643 4157 (2),
679 4076 736 4131 aut
769 4077 909 4158 uterque
949 4077 1048 4132 certae
1090 4057 1293 4155 poenitentiae

214 4153 385 4254 subjicitur
410 4157 475 4254 (5)
502 4157 655 4230 Mulieres
681 4175 793 4231 autem
815 4161 847 4228 in
878 4158 1110 4230 monasterium
1142 4152 1183 4223 ad
1213 4175 1293 4246 per·
