3575 5625
800 682 1016 752 ...282-

420 834 451 935 §.
478 834 520 906 V.
560 834 703 907 Cunctos
739 834 919 929 generatim
958 832 1079 921 libros,
1130 836 1187 929 qui
1231 832 1379 928 religioni
1411 850 1448 903 et

372 932 516 1004 moribus
542 933 713 1021 officiunt,
749 930 862 1029 procul
893 956 912 1000 a
947 931 1041 1002 nobis
1071 955 1140 1001 esse
1174 946 1345 1029 oportere,
1376 955 1448 1001 om·

371 1054 428 1100 nes
463 1029 556 1101 facile
589 1028 798 1125 intelligunt,
843 1028 963 1125 quibus
991 1026 1081 1099 cordi
1107 1028 1219 1123 religio
1249 1044 1283 1099 et
1313 1030 1449 1122 integri·
1571 1116 1581 1128 ο

371 1142 418 1197 tas
454 1151 585 1198 morum
618 1142 678 1197 est.
719 1125 785 1197 Sed
821 1129 881 1197 nisi
916 1126 1057 1197 ccclesiae
1099 1126 1225 1221 judicio
1267 1139 1444 1214 censurat,

372 1248 454 1319 quos
483 1225 648 1321 speciatim
679 1222 777 1296 libros
809 1224 917 1319 legere
948 1226 1018 1295 sine
1046 1223 1191 1320 periculo
1219 1221 1330 1313 liceat,
1364 1248 1449 1318 quos

371 1338 484 1393 contra
518 1319 630 1417 ¹sugere
663 1337 831 1421 oporteat,
859 1338 975 1393 cuncta
1001 1337 1107 1392 essent
1137 1324 1262 1392 ineerta
1286 1336 1320 1391 et
1351 1324 1449 1391 unius

371 1418 541 1493 alteriusve
567 1417 695 1491 libidini
725 1421 913 1508 commissa,
951 1444 989 1490 ec
1020 1444 1106 1515 saepe
1145 1422 1218 1516 quis
1252 1416 1448 1513 imprudens

371 1532 405 1586 et
439 1520 571 1613 ignarus
607 1514 706 1589 libros
745 1515 867 1612 legeret
913 1517 1130 1611 perniciosos,
1171 1540 1269 1614 quos⁴
1293 1514 1451 1605 salubres

370 1614 526 1711 putabat,
573 1639 763 1713 erroresque
806 1612 1027 1704 combiberet,
1081 1618 1138 1710 qui
1193 1612 1293 1684 semel
1353 1611 1450 1683 infixi

371 1713 480 1784 animo
517 1737 688 1809 nunquam
725 1712 951 1807 deponuntur.
994 1708 1105 1796 Quare
1135 1709 1267 1781 ecclesia
1300 1706 1450 1803 designat

370 1806 470 1882 libros
502 1811 652 1906 religioni
693 1809 853 1906 bonisque
887 1807 1033 1881 moribus
1076 1810 1245 1897 inimicos,
1285 1805 1344 1878 hos
1382 1806 1450 1897 legi

371 1920 471 2003 atque
512 1910 609 1978 etiarn
649 1908 782 1977 retineri
825 1920 929 1997 retat,
967 1921 1003 1976 et
1032 1929 1145 2002 poenas
1189 1906 1287 1977 etiam
1331 1902 1446 1991 addit,

371 2026 448 2099 quae
484 2008 632 2075 animum
665 2003 833 2099 affligunt,
877 2017 916 2072 ut
960 2004 1060 2074 timor
1095 2027 1164 2073 non
1201 2027 1241 2072 ex
1274 2001 1449 2071 bominum

366 2100 511 2197 judicio,
558 2098 647 2197 quod
675 2099 824 2173 facinoris
856 2100 1029 2195 pcenltatio
1064 2098 1166 2189 fallit,
1207 2097 1263 2171 sed
1295 2124 1335 2169 ex
1367 2121 1450 2193 peo-

371 2200 433 2269 cati
454 2199 649 2271 conscientia
676 2200 839 2269 exoriatur
869 2197 937 2293 (l)

411 2366 454 2451 (l)
475 2373 571 2449 Atque
595 2372 635 2431 ita
650 2388 719 2431 sane
743 2371 824 2431 omni
848 2378 934 2431 astate
960 2369 1149 2431 observatum
1167 2375 1227 2444 est,
1249 2367 1360 2428 scilieet
1378 2371 1451 2445 pra-

371 2469 476 2512 vorum
494 2450 580 2515 lectio
597 2452 742 2513 librorum
764 2468 879 2530 semper
903 2450 941 2511 ab
965 2452 1084 2512 ecclesia
1105 2450 1195 2511 vetita
1220 2457 1280 2525 ast,
1299 2449 1342 2508 nti
1363 2448 1452 2526 paulo

371 2542 439 2593 ante
462 2531 659 2594 demonstravi
681 2540 743 2593 act.
770 2534 803 2608 li,
833 2540 863 2593 et
887 2533 976 2593 latius
997 2531 1126 2593 ostendit
1151 2531 1285 2593 zaccaria
1309 2527 1378 2624 loe..
1395 2528 1450 2590 eit.

372 2618 502 2771 ittet,
516 2608 1453 2774 tiitituilieiunitate&stilti:

372 2776 449 2857 legat
468 2777 630 2838 retinerive
649 2775 757 2852 libros,
779 2777 830 2856 qui
856 2776 1050 2838 adversentur
1071 2776 1107 2838 iis
1128 2775 1234 2850 rebus,
1259 2792 1327 2852 quo
1344 2790 1453 2837 eorum

372 2876 466 2932 curte,
485 2858 636 2938 potestati,
656 2858 903 2918 administrationi
925 2859 1088 2920 commissae
1105 2865 1186 2918 sunt.
1207 2860 1319 2917 Verum
1341 2853 1388 2916 bre
1405 2855 1453 2916 le·

373 2957 423 3020 ges
443 2947 512 3000 sunt
525 2938 563 2999 ad
584 2939 677 3000 instar
697 2939 878 3018 reliquarum
893 2939 991 3020 legum
1002 2938 1151 3016 civilium,
1169 2956 1234 3018 quaa
1257 2944 1372 2995 tantum
1392 2954 1455 3014 poe-

373 3021 420 3081 nis
430 3020 640 3100 temporalibus
649 3027 844 3101 repugnantes
851 3029 986 3083 coercent
994 3065 1002 3096 ,
1010 3037 1135 3099 quaeque
1147 3020 1208 3079 vim
1218 3026 1358 3078 exserunt
1367 3036 1454 3077 suern

374 3103 404 3162 in
423 3119 456 3163 ea
472 3104 608 3184 regione,
626 3103 657 3162 in
677 3121 734 3181 qua
753 3101 879 3162 conditas
897 3110 977 3162 sunt.
996 3102 1128 3164 Ecclesia
1154 3108 1269 3161 tantum
1290 3107 1334 3159 est
1351 3107 1455 3159 vetare

374 3183 482 3260 libros,
507 3185 557 3263 qui
583 3184 719 3264 religioni
749 3183 884 3262 bonoque
911 3183 1055 3261 spirituali
1091 3181 1302 3255 adversantur,
1330 3179 1456 3259 ejusque

375 3265 453 3345 leges
473 3283 572 3342 pmnm
592 3283 709 3342 quoque
733 3265 865 3344 irrogant
885 3264 1068 3341 spirituales,
1085 3270 1116 3322 et
1141 3264 1251 3341 ubique
1276 3261 1456 3323 christianos

375 3345 574 3426 obstringunt.
596 3345 680 3420 Quod
696 3345 719 3404 si
736 3345 888 3406 interdum
902 3364 918 3404 a
932 3345 1005 3405 laico
1020 3345 1156 3423 Principe
1169 3344 1252 3404 vetiti
1268 3351 1338 3404 sunt
1354 3342 1455 3404 lraerc·

376 3426 502 3484 tieorum
522 3424 606 3500 libri,
634 3425 665 3484 id
685 3425 806 3503 quidem
828 3424 938 3486 factum
962 3433 1020 3502 est,
1043 3433 1231 3506 posteaquam
1254 3425 1296 3483 illi
1323 3425 1453 3485 ecclcsiae

373 3505 485 3584 judicio
499 3505 582 3567 vetiti
600 3505 661 3583 jam
685 3505 873 3584 damnatique
893 3507 1020 3566 [tremat.
1038 3507 1100 3569 Arii
1120 3506 1211 3568 libros
1225 3505 1287 3584 jam
1307 3506 1369 3586 igni
1390 3514 1454 3565 tra·

376 3586 513 3647 diderant
532 3585 642 3648 Niceni
659 3588 775 3664 Patres,
796 3592 953 3665 antequam
972 3605 1022 3650 eos
1041 3590 1249 3650 Constantinus
1267 3586 1363 3647 edicto
1383 3603 1456 3664 pro·

376 3665 528 3730 sauceia.
542 3666 725 3729 Theodosius
737 3671 809 3730 iun.
823 3678 853 3729 et
866 3670 1090 3732 Valentinianus
1102 3669 1228 3731 Nestorii
1243 3668 1335 3728 libros
1345 3667 1455 3746 impro

377 3751 504 3824 barunt3
525 3747 577 3810 sed
596 3748 628 3809 hi
646 3747 758 3828 synodo
776 3749 921 3829 Ephesios
944 3747 1215 3812 anathematizante
1234 3745 1361 3830 sumat
1382 3767 1456 3810 cors·

379 3829 525 3907 damuati,
542 3837 576 3891 ut
589 3831 686 3910 inquit
708 3832 860 3892 Liberatus
875 3832 1015 3891 diaconus
1028 3830 1060 3893 in
1075 3829 1202 3892 breaim.
1223 3849 1250 3890 e.
1272 3833 1312 3891 tu
1323 3848 1396 3913 paq.
1410 3832 1454 3890 ll

378 3911 449 3974 edit.
471 3911 611 3976 Garmai
635 3910 735 3973 Poris.
763 3913 854 3972 1675.
877 3912 985 3972 Conler
1009 3915 1040 3973 S.
1066 3913 1253 3974 Caelestinum
1278 3931 1323 3992 ep.
1349 3913 1388 3971 ta
1413 3907 1457 3970 od

376 3994 552 4056 Nestorium
565 4007 649 4060 num.
665 3995 686 4055 i
700 4011 760 4075 seq.
776 3991 831 4054 cal.
850 3994 883 4052 ll
893 3994 929 4054 lb
942 4009 1016 4076 seq,
1038 3993 1115 4070 apud
1139 3993 1342 4055 coustantium
1365 3993 1453 4086 epist.

379 4077 504 4136 Reman.
528 4072 680 4156 Poetilio,
705 4082 734 4133 et
757 4073 843 4152 epist.
864 4073 949 4134 ioan.
971 4073 1162 4149 antiocheni,
1187 4093 1254 4153 quta
1272 4083 1317 4133 eet
1338 4073 1357 4134 5
1375 4081 1459 4133 anter

380 4154 602 4218 Cokatiniauas
619 4171 704 4216 uuus.
721 4152 824 4214 sitia.
840 4152 895 4214 col.
916 4157 1005 4215 ¹283.
1022 4155 1166 4217 Similiter
1188 4157 1219 4215 in
1241 4154 1457 4233 capitularibus

380 4238 474 4298 Caroli
490 4241 528 4300 ll.
545 4235 595 4298 lib.
622 4241 633 4298 i
659 4253 725 4316 cup.
751 4236 806 4312 75,
828 4236 907 4314 apud
931 4235 1080 4298 Baluriom
1101 4245 1171 4301 um.
1194 4240 1206 4296 l
1229 4233 1284 4296 cal.
1303 4238 1364 4298 tut
1379 4233 1455 4298 edit.
