3575 5625
1321 606 1355 653 lll

269 726 393 789 Bernier
405 723 536 787 Parecbo
550 726 580 785 S.
596 722 690 786 Laudi
703 725 934 805 andegavensis,
950 724 1080 802 ejusdem
1096 722 1239 788 Gubernii
1254 726 1350 789 Pleni-

268 808 452 887 potentiariis
463 807 584 867 Lutetioe
595 807 773 868 Parisiorum
781 806 944 885 subscripto
953 807 1024 883 sint;
1036 826 1162 886 cumque
1173 816 1237 887 post
1250 807 1349 886 hujus

269 890 350 951 modi
365 890 594 959 mercationes,
611 891 696 950 Pacta
715 897 745 949 et
762 888 940 950 concordata
957 889 987 949 in
1003 888 1160 962 omnibus,
1182 898 1211 950 et
1226 890 1349 971 singulis

269 972 403 1051 punctis,
415 970 566 1041 clausulis,
579 969 711 1029 articulis
724 976 754 1030 et
765 968 983 1031 conditionibus
996 988 1012 1029 a
1027 969 1155 1049 praelatis
1167 970 1348 1052 subscripta,

270 1072 325 1133 pro
333 1053 460 1113 firmiori
470 1070 573 1113 corum
583 1051 770 1114 subsistentia
778 1052 870 1112 robur
877 1051 1200 1131 apostolicselirmitatis
1210 1054 1347 1132 adjicere,

269 1136 514 1195 etauctoritatem
528 1134 734 1195 solemniorem
748 1140 778 1194 et
791 1132 942 1195 decretum
956 1134 1143 1213 interponere
1153 1138 1349 1199 necessarium

270 1217 327 1290 sit,
342 1219 402 1277 Nos
415 1234 448 1277 ea
462 1234 514 1294 spa
524 1215 609 1288 freti,
623 1215 685 1276 lore
698 1224 731 1275 ιιι
745 1220 840 1287 Dens,
855 1215 911 1298 qui
923 1214 1003 1277 dives
1017 1224 1061 1276 est
1075 1214 1108 1276 in
1119 1215 1344 1295 misericordia,

269 1306 299 1359 et
307 1318 328 1358 o
341 1316 400 1381 qno
411 1315 497 1359 omne
507 1294 784 1378 datumoptimum,
799 1306 828 1359 at
837 1315 923 1359 omne
934 1295 1047 1359 donum
1059 1294 1237 1380 perfectum,
1250 1299 1349 1361 studia

269 1388 369 1441 nostra
384 1380 416 1439 in
429 1379 610 1440 sanctissimo
622 1378 677 1439 boc
696 1398 785 1457 opere
805 1378 998 1452 absolvendo,
1023 1380 1151 1460 benigno
1163 1378 1263 1441 lavere
1276 1400 1351 1459 pro=

270 1463 354 1539 sequi
371 1460 526 1541 dignetur,
546 1480 579 1521 ac
595 1468 626 1520 at
638 1462 776 1522 omnibus
794 1462 899 1523 amotis
920 1460 1139 1541 impedimentis
1152 1469 1241 1539 atque
1260 1462 1350 1523 dissi·

270 1542 347 1621 diis,
361 1560 430 1604 vera
445 1543 554 1621 pietas,
569 1550 600 1603 et
612 1544 726 1623 lieligio
738 1542 848 1621 majora
861 1544 1021 1623 suscipiant
1035 1544 1230 1617 incrementa,
1247 1544 1348 1605 subla-

199 1655 206 1668 ·
270 1626 367 1705 tisqne
380 1642 417 1686 ex
426 1626 506 1705 rigeo
518 1624 672 1686 Dominieo
683 1624 896 1688 dissensionum
911 1624 1089 1699 seminibus,
1105 1624 1303 1687 abundantior
1316 1628 1348 1689 in

271 1706 335 1768 dies
350 1706 496 1768 bonorum
515 1724 639 1785 operum
657 1724 740 1787 aegas
761 1707 800 1769 ad
820 1707 911 1787 ipsius
937 1708 990 1769 liei
1016 1707 1132 1770 laudem
1157 1716 1188 1767 ct
1204 1708 1346 1787 gloriam,

272 1797 472 1866 aeternamque
486 1789 651 1849 animarum
672 1790 795 1851 salutem
815 1796 990 1867 succrescat,
1002 1787 1040 1851 dc
1061 1791 1140 1852 VN.
1157 1792 1214 1851 FF.
1230 1790 1349 1851 Nostro-

270 1890 338 1932 rum
359 1873 389 1932 S.
408 1873 444 1931 ll.
464 1872 497 1931 E.
515 1869 714 1932 cardinalium
733 1872 854 1933 consilio
874 1878 904 1931 et
925 1889 1059 1943 assensu,
1083 1888 1117 1931 ac
1135 1879 1212 1931 certa
1227 1872 1347 1933 scientia

271 1961 301 2013 ct
313 1960 426 2012 matura
438 1950 649 2014 deliberatione
659 1955 784 2026 Nostris,
795 1952 891 2033 deque
903 1953 1073 2032 Apostolicoe
1085 1953 1239 2013 Potestatis
1254 1954 1349 2032 pleni·

270 2032 375 2095 tudine
385 2052 473 2111 supra
484 2032 575 2095 dictas
585 2036 805 2106 condominare,
817 2035 1045 2104 conventiones,
1059 2034 1206 2112 Capitale,
1220 2037 1305 2095 Pacta
1318 2046 1349 2097 ct

270 2112 451 2177 Concordata
466 2125 568 2177 tencre
580 2118 769 2194 presentium
787 2117 970 2178 coherentes
986 2115 1023 2177 ad
1035 2116 1181 2195 peculiare
1194 2114 1350 2196 chirogra-

270 2196 365 2277 pbum
376 2215 465 2275 super
477 2198 547 2276 ipsis
560 2198 691 2258 articulis
703 2200 885 2278 appositum,
900 2199 1111 2278 approbamus,
1127 2196 1306 2261 ratificamus
1319 2208 1347 2260 et

271 2288 470 2358 acceptamus,
500 2279 558 2339 illis
582 2279 732 2358 apostolici
755 2280 929 2341 muniminis
955 2288 983 2342 et
1012 2279 1160 2340 firmitatis
1182 2278 1288 2352 robur,
1318 2289 1348 2341 et

271 2360 428 2421 efficaciam
453 2359 656 2441 adjungimus,
681 2363 837 2441 omniaque
857 2362 888 2421 in
910 2362 952 2423 eis
972 2368 1124 2432 contenta,
1149 2380 1182 2422 ac
1205 2362 1347 2440 promissa

270 2442 382 2503 sincera
396 2450 425 2503 et
438 2442 644 2505 inviolabiliter
657 2462 693 2505 ex
706 2446 812 2506 Nostra
826 2443 947 2522 ejusque
960 2442 1042 2505 Sedis
1057 2452 1140 2521 perte
1154 2443 1346 2523 adimpletum

271 2531 301 2583 et
315 2531 464 2584 servatum
476 2526 529 2594 iri,
544 2532 604 2585 tam
619 2527 998 2605 NostraquamNostrorum
1009 2528 1213 2588 Succmsorum
1227 2528 1347 2587 nomine

270 2604 473 2684 promittimus
485 2621 518 2662 ac
529 2604 716 2680 spondemus.

310 2684 452 2744 Nolumus
464 2683 552 2742 etiam
563 2691 692 2761 paterna
703 2688 816 2747 Nostra
823 2686 981 2748 Cbaritatis
989 2704 1047 2748 uon
1056 2706 1118 2748 esse
1129 2687 1285 2767 participes
1296 2706 1345 2750 eos

268 2764 481 2828 Ecclesiastioos
495 2764 587 2838 viros,
602 2766 654 2844 qui
675 2767 705 2827 in
727 2768 821 2830 Sacris
841 2768 1000 2830 Constituti
1022 2770 1210 2831 matrimonia
1222 2777 1345 2832 attenta·

269 2857 356 2920 runt,
372 2847 435 2908 sive
454 2848 506 2925 qui
530 2867 546 2908 a
571 2848 690 2925 proprio
711 2849 846 2910 instituto
870 2848 986 2927 publice
1005 2849 1206 2928 desciveruat3
1222 2853 1347 2932 ideoque

270 2947 373 2991 eornm
398 2937 531 3008 respecta
553 2928 645 3007 ipsius
671 2930 809 2992 ctiamli
847 2929 947 2990 iminis
970 2929 1073 2990 officiis
1098 2929 1345 3005 obsecundantes,

270 3012 392 3091 vestigia
405 3029 563 3089 mquemnr
575 3029 635 3071 rec.
652 3030 741 3072 mem.
758 3014 780 3072 P
842 3010 981 3070 ecessoris
992 3011 1089 3071 Nostri
1105 3013 1175 3074 lulii
1191 3016 1275 3090 Papae
1287 3017 1344 3082 111.

270 3091 518 3170 quemadmodum
531 3093 563 3153 in
577 3093 684 3153 nostris
698 3094 814 3177 Litteris
835 3093 865 3152 in
883 3091 978 3153 iorma
999 3093 1099 3154 Brevis
1114 3093 1168 3154 lrac
1182 3091 1283 3154 cadem
1297 3095 1347 3156 die

271 3175 362 3242 datis,
375 3192 429 3253 pro
442 3193 545 3236 corum
555 3175 689 3254 sprituali
702 3176 795 3236 salute
808 3174 992 3254 providetur.

315 3259 467 3317 lloncmus
479 3265 620 3336 praetcrea
634 3265 664 3316 et
676 3256 829 3318 hortamur
852 3257 883 3316 in
905 3255 1157 3328 Dominoomnes,
1174 3265 1203 3318 et
1218 3256 1347 3338 singulos
1469 3319 1473 3326 ,

271 3337 525 3418 brabiepisoopos,
550 3339 720 3419 Episcopus,
744 3349 775 3400 et
795 3340 924 3401 looomm
946 3337 1117 3400 ordinarios
1134 3339 1217 3415 juxta
1239 3359 1344 3402 novam

271 3419 484 3481 Gallicanarum
495 3421 668 3482 Dimoosinm
678 3421 979 3500 circumscriptionem
988 3420 1125 3482 cononice
1137 3421 1343 3494 instituendos,

271 3518 431 3579 eorumque
445 3505 643 3572 successores,
658 3505 788 3582 itemque
808 3502 967 3574 Patrocles,
991 3501 1120 3580 aliosque
1132 3503 1301 3565 Seoerdotes
1312 3505 1343 3566 in

186 3607 196 3620 ·
270 3582 355 3644 vinea
368 3585 485 3644 Domini
498 3584 660 3662 operarios,
676 3596 709 3645 ut
724 3586 785 3648 zelo
804 3583 965 3646 seeundum
980 3585 1145 3657 scientiam,
1161 3603 1219 3648 non
1232 3587 1262 3647 in
1276 3586 1347 3649 des·

272 3664 464 3738 tractionem,
476 3664 528 3725 sed
539 3666 569 3725 in
582 3663 804 3728 edificationem
815 3675 945 3738 utentes,
962 3683 994 3726 ac
1008 3685 1068 3745 prm
1080 3668 1170 3728 oculis
1184 3667 1341 3742 babentes,

271 3762 302 3804 se
315 3745 463 3807 llinistros
476 3765 539 3806 esse
555 3745 680 3818 christi,
696 3749 747 3825 qui
762 3766 778 3808 ι
793 3748 940 3828 Propheta
954 3748 1091 3827 Princeps
1108 3749 1185 3828 pacis
1198 3752 1347 3830 cognomi·

270 3833 427 3897 natusest,
444 3829 553 3906 quique
572 3827 751 3889 transiturus
771 3827 809 3890 de
831 3830 886 3891 boo
908 3829 1020 3890 mundo
1040 3830 1077 3890 ad
1093 3835 1225 3903 Patrem,
1240 3850 1342 3908 pacem

271 3914 419 3985 tamquam
434 3911 583 3988 propriam
604 3908 806 3972 hereditatem
827 3912 971 3990 apostatis
988 3919 1017 3970 ct
1038 3912 1192 3991 Discipulis
1207 3913 1266 3971 suis
1279 3913 1343 3972 reli·

270 3989 350 4067 quit,
366 3998 400 4050 nt
413 4007 514 4051 omnes
527 3988 605 4051 idem
615 3993 757 4069 sentiant,
772 3993 940 4070 collatisque
949 3994 980 4052 in
992 4011 1085 4052 unum
1096 3991 1200 4053 studiis
1212 4009 1261 4064 aa,
1276 4011 1343 4072 quae

272 4071 351 4147 pacis
365 4080 449 4144 sunt,
465 4081 563 4132 ament
577 4079 665 4151 atque
678 4083 842 4146 sectentur,
858 4082 888 4136 et
901 4091 1106 4152 quaecumque,
1123 4081 1156 4132 ut
1170 4071 1342 4150 praefertur,

270 4170 420 4225 concessa,
439 4161 562 4224 statute,
585 4162 615 4214 et
636 4155 808 4217 concordata
829 4157 963 4230 luerunt,
988 4162 1119 4215 accurato
1141 4162 1169 4213 ct
1188 4152 1345 4236 diligenter

271 4244 389 4296 servent
402 4244 490 4314 atque
502 4235 668 4297 custodiant
