3575 5625
893 627 1089 697 ..76-

446 786 610 838 monstrare
634 785 748 853 nutem,
774 777 825 856 qui
850 775 1005 854 proponit,
1035 773 1280 854 impedimentum
1306 773 1411 851 dobet3
1435 773 1528 855 judex

448 869 545 920 autem
564 879 599 920 cx
615 858 840 920 circumstantiis
854 858 1006 938 intelligit,
1022 856 1141 936 justane
1154 857 1193 918 sit
1209 857 1375 932 excusatio,
1392 875 1430 917 an
1444 875 1529 920 secus

449 959 518 1022 cop.
545 943 563 1001 6
581 939 616 1002 de
638 938 716 1017 aot,
736 947 765 1000 et
781 946 948 1001 contumace.
972 942 1055 1017 sape
1073 940 1162 999 etiam
1180 959 1196 999 a
1213 939 1314 1018 judice
1338 940 1530 999 constituitur

447 1022 605 1098 terminus,
634 1023 710 1083 intra
730 1041 818 1100 quem
839 1022 944 1081 citatus
961 1021 1063 1082 venire
1085 1021 1116 1081 in
1133 1020 1279 1100 judicium
1301 1020 1406 1090 debet,
1433 1039 1530 1099 eoque

447 1121 507 1164 non
530 1104 665 1165 veniente
686 1113 715 1164 et
736 1105 832 1183 elapso
847 1103 974 1164 termino
1000 1110 1156 1163 contumax
1170 1102 1308 1165 habetur.
1323 1106 1453 1179 Verum,
1473 1121 1530 1163 an·

449 1192 566 1263 tequam
583 1189 598 1248 J
603 1185 678 1246 udcx
693 1186 731 1246 de
751 1185 933 1247 contumacia
947 1183 1100 1262 decernat,
1117 1184 1214 1246 adbuc
1235 1187 1298 1264 ipse
1319 1202 1431 1245 moram
1454 1202 1529 1262 pur-

447 1284 517 1346 gare
531 1275 640 1346 potest,
657 1275 690 1326 ut
698 1267 790 1347 judex
805 1285 939 1350 exaequo
961 1273 991 1327 et
1016 1266 1094 1328 bono
1118 1265 1197 1328 ultra
1210 1267 1372 1329 terminum
1385 1265 1527 1328 condem·

449 1347 596 1410 nationem
608 1347 729 1410 differre
742 1358 829 1428 queat
840 1347 890 1410 cit.
904 1366 971 1443 cop.
988 1349 1018 1408 6.

488 1427 531 1510 (l)
553 1432 586 1491 t.
602 1449 656 1490 oo.
696 1475 703 1490 .
721 1431 756 1492 Si
765 1429 898 1514 quiajos
909 1428 1005 1490 dccco.
1021 1449 1083 1492 noo
1097 1427 1255 1512 obtempcr.

489 1511 531 1590 (5)
554 1514 626 1593 Cap.
642 1514 660 1572 5
695 1514 730 1572 .l
754 1515 792 1574 Ut
806 1509 850 1572 lit.
867 1529 929 1572 ooo
942 1519 1062 1575 contest.

491 1591 532 1674 (6)
555 1595 626 1676 Cap.
645 1596 663 1654 5
678 1591 714 1655 dc
727 1591 793 1656 dolo
807 1601 834 1654 ct
848 1601 1014 1654 contemno.

497 1745 530 1846 §.
563 1747 606 1817 ll.
640 1747 723 1819 Tam
759 1764 866 1839 actor,
903 1772 1003 1846 quam
1040 1773 1114 1818 reus
1148 1762 1322 1818 contumax
1356 1772 1425 1818 csse
1459 1773 1527 1844 po·

448 1861 510 1917 test
551 1845 623 1942 (1);
662 1862 817 1916 neutrum
858 1870 934 1917 vero
972 1847 1085 1916 sinunt
1126 1844 1214 1940 leges
1249 1844 1355 1942 judici
1392 1845 1527 1942 jubenti

449 1946 585 2038 impune
621 1965 689 2012 non
728 1941 968 2036 obtemperare.
1008 1942 1107 2022 lictor
1151 1945 1177 2012 si
1217 1945 1393 2015 constituto
1434 1959 1527 2015 tem·

448 2065 547 2137 porc,
576 2062 643 2135 quo
676 2064 749 2110 rcus
780 2041 895 2108 citatus
921 2054 988 2129 est,
1020 2041 1055 2109 in
1076 2040 1241 2139 judicium
1275 2063 1343 2111 non
1377 2044 1524 2133 venerit,

449 2138 484 2206 in
520 2159 673 2231 expensas
702 2134 961 2224 condemnatur,
994 2162 1102 2233 neque
1136 2136 1197 2209 alia
1231 2140 1262 2210 ei
1299 2140 1408 2209 citatio
1443 2165 1528 2236 per-

450 2233 609 2322 mittitur,
648 2234 708 2303 nisi
741 2231 783 2303 de
817 2258 850 2305 se
880 2231 986 2332 judici
1021 2234 1163 2308 sistendo
1194 2238 1379 2321 cautionem
1422 2262 1527 2335 praes-

449 2346 497 2402 tet
533 2329 598 2426 (ᾖ).
628 2327 717 2414 Quin
760 2333 856 2401 etiam
895 2356 964 2402 non
999 2335 1151 2404 veniente
1189 2336 1223 2402 in
1265 2333 1430 2430 judicium
1467 2361 1527 2406 ac-

448 2444 539 2512 tore,
570 2453 642 2500 reus
672 2427 754 2498 illud
791 2455 809 2498 a
834 2429 947 2526 judice
1000 2445 1087 2501 etere
1123 2447 1157 2502 et
1190 2440 1226 2502 r'o
1249 2457 1302 2502 are
1332 2447 1459 2530 potest,
1487 2449 1527 2507 ut

447 2523 506 2596 sibi
544 2525 641 2597 detur
675 2524 906 2622 probationum
949 2454 1191 2599 offerendarum
1227 2456 1324 2600 locus
1363 2554 1401 2601 ac
1446 2555 1526 2601 sen·

448 2624 549 2693 tentia
580 2621 765 2720 proseratur
804 2623 871 2722 (5).
911 2624 1036 2695 Verum
1082 2639 1260 2698 contestata
1294 2625 1353 2698 lite
1400 2627 1455 2725 (4)
1498 2631 1525 2698 si

448 2736 537 2791 actor
577 2736 752 2792 contumax
794 2725 947 2813 eraserit,
989 2725 1059 2821 ejus
1103 2739 1314 2820 procurator,
1354 2727 1380 2794 si
1424 2749 1525 2823 quem

448 2817 632 2915 reliquerit,
686 2818 847 2891 vocandus
889 2836 957 2913 est,
1000 2837 1057 2891 aut
1091 2825 1119 2892 si
1158 2820 1288 2892 nullum
1334 2822 1523 2921 reliquerit,

448 2916 499 2987 rel
539 2916 669 2987 relictus
700 2919 810 3015 injus
840 2943 910 2990 non
935 2922 1080 3010 venerit,
1114 2922 1183 3017 ipse
1209 2919 1323 2991 absens
1348 2947 1408 3017 per
1433 2919 1527 2992 edic·

448 3029 519 3084 tum
551 3016 621 3113 ejus
647 3014 761 3086 domui
786 3013 921 3087 affixum
949 3034 1102 3106 vocatur,
1137 3033 1172 3088 et
1198 3016 1277 3087 inde
1308 3034 1423 3089 contra
1448 3043 1526 3090 eum

447 3110 552 3184 fertur
600 3115 780 3203 sententia,
830 3140 906 3186 cum
952 3140 1003 3187 res
1042 3117 1117 3186 satis
1147 3130 1197 3186 est
1238 3133 1424 3211 comperta,
1469 3132 1527 3188 aut

448 3207 583 3301 saltem,
608 3227 716 3283 actore
756 3214 791 3282 in
823 3237 978 3309 expensas
1015 3211 1253 3305 condemnato,
1293 3212 1335 3283 ab
1370 3214 1525 3287 observa·

449 3308 538 3379 tione
556 3308 672 3405 judicii
702 3335 775 3380 reus
804 3308 982 3380 absolvitur
1010 3309 1080 3406 (5)

503 3468 531 3548 l)
554 3471 629 3531 ilinc
652 3488 686 3531 ca
711 3490 794 3550 pars,
819 3490 886 3551 qun
910 3473 941 3533 in
966 3473 1158 3535 decretalium
1184 3476 1268 3537 libris
1295 3474 1468 3536 inscribitur
1490 3472 1526 3536 de

448 3546 515 3610 doo
542 3558 572 3609 ct
595 3552 796 3631 contumacia,
825 3554 857 3614 in
884 3554 1013 3633 antiquis
1047 3557 1266 3618 collectionibus
1292 3557 1463 3618 inscribitur
1489 3555 1526 3618 de

449 3628 516 3691 dolo
541 3640 569 3692 ct
590 3633 778 3695 contumacia
800 3632 926 3699 ulterius
948 3638 1049 3719 portia
1072 3638 1244 3720 puniendo,
1267 3638 1319 3701 ubi
1344 3640 1526 3701 coutumacia

448 3710 573 3775 ulterius
582 3714 693 3795 portis,
709 3716 814 3777 actoris
828 3718 873 3778 rel
888 3720 932 3779 rei
947 3722 1128 3781 contumacia
1140 3728 1194 3781 est.

489 3792 519 3873 (2
556 3797 628 3877 Cap.
642 3799 655 3857 i
671 3794 706 3857 de
723 3794 1050 3863 statuunculam
1065 3803 1095 3863 6.

503 3878 521 3937 5
555 3879 627 3957 Cap.
646 3881 663 3939 5
679 3877 715 3939 dc
728 3876 788 3942 dol.
808 3888 836 3942 ct
849 3891 1018 3945 contumcc.

502 3958 531 4039 l)
552 3960 631 4021 luris
646 3960 821 4040 interpretes
838 3964 995 4027 discrimen
1011 3968 1193 4028 constituunt
1211 3965 1290 4026 inter
1309 3973 1453 4043 actorem,
1471 3968 1523 4046 qui

448 4050 516 4102 onte
532 4048 722 4103 contectalem
736 4044 833 4120 litem,
855 4046 990 4126 interque
1011 4056 1156 4125 actorem,
1178 4048 1230 4125 qui
1252 4056 1318 4127 post
1333 4056 1524 4110 contestatam

448 4122 531 4185 litem
546 4132 702 4185 contumax
720 4133 774 4187 est.
798 4128 941 4191 Nituntur
954 4127 1060 4192 Noocl.
1083 4133 1141 4192 lli
1162 4147 1230 4211 cop.
1251 4130 1270 4189 5
1286 4127 1313 4210 §.
1339 4133 1354 4191 l
1376 4138 1405 4191 et
1420 4132 1453 4207 ἱ),
1471 4129 1525 4190 ubi

450 4204 488 4266 de
504 4216 601 4269 actore
615 4206 728 4289 agitur,
748 4209 799 4289 qui
818 4210 932 4272 actione
947 4211 1095 4293 proposita
1114 4212 1213 4274 abesse
1231 4212 1334 4291 coepit,
1353 4230 1421 4274 cum
1439 4210 1525 4295 opud
