3575 5625
678 650 901 722 -561-

295 801 326 900 ς.
353 798 446 870 XVI.
487 797 612 870 Verum
650 799 774 870 lruetns
812 815 899 871 recte
943 803 1117 895 exiguntur
1162 828 1200 873 ex
1241 804 1323 876 locis

247 903 445 986 utentium,
482 921 626 993 quorum
659 898 794 967 nomine
820 893 1034 992 intelligimus
1064 900 1233 971 cumulum
1262 925 1325 997 pe-

249 998 369 1082 cuniae,
402 993 580 1084 frumenti,
617 992 792 1084 similium,
824 1018 902 1090 quae
945 993 1130 1066 hominibus
1176 1021 1238 1068 oe
1275 999 1325 1068 in·

247 1091 435 1189 digentibus
466 1107 583 1164 mutuo
612 1089 734 1162 dantur
762 1117 835 1164 eece
860 1106 894 1163 to
930 1094 1085 1260 pipnore,
1118 1023 1219 1190 quod
1241 1109 1324 1166 stato

249 1207 399 1286 tempore
439 1186 701 1286 recuperandum
736 1204 798 1262 est.
872 1191 909 1261 isi
950 1193 960 1260 i
1023 1189 1153 1262 debitor
1172 1205 1322 1287 praestet,

270 1291 369 1386 ignes
399 1289 506 1384 ipsum
538 1286 747 1377 distrahitur,
784 1301 884 1383 utque
910 1289 955 1358 ita
987 1285 1083 1359 Mons
1111 1289 1239 1383 pietatis
1271 1285 1324 1358 ho·

290 1403 307 1455 t
346 1395 436 1471 rem,
484 1409 582 1481 quam
615 1383 775 1474 eredidit,
807 1383 937 1456 debitor
964 1383 1019 1474 id,
1049 1383 1139 1482 quod
1180 1410 1218 1456 ex
1254 1387 1325 1482 pig-

245 1483 336 1554 noris
360 1484 469 1578 pretio
499 1479 664 1577 reliquum
695 1497 764 1570 est,
784 1483 918 1552 interim
940 1483 992 1553 ub
1023 1505 1084 1570 eo,
1115 1485 1173 1580 qui
1204 1483 1323 1579 pignus

246 1579 424 1674 obligarit,
456 1577 577 1652 modici
611 1578 748 1676 quidam
782 1577 910 1650 fructus
943 1579 1186 1678 persolvuntur.
1235 1579 1323 1651 Num

246 1676 282 1746 hi
331 1675 457 1746 fructus
501 1677 626 1772 percipi
682 1691 771 1748 recte
814 1693 969 1772 possent,
1015 1702 1133 1772 magna
1194 1679 1324 1748 animo·
1438 1741 1449 1762 ,

247 1798 325 1846 rum
351 1775 561 1846 contentione
589 1771 792 1871 disputatum
823 1789 892 1861 est3
922 1798 997 1846 cum
1030 1773 1164 1870 quidam
1196 1789 1323 1862 essem,

250 1872 309 1966 qui
349 1893 405 1942 eos
435 1883 571 1966 propter
600 1885 756 1942 mutuum
784 1867 878 1959 dari,
913 1888 947 1942 et
973 1870 1047 1944 ideo
1082 1869 1326 1944 1111111111-

248 1992 326 2038 rum
348 1968 382 2037 in
409 1967 449 2038 iis
473 1969 576 2038 inesse
599 1970 822 2040 existimarent
841 1966 911 2066 (l).

290 2098 334 2180 (1)
353 2101 460 2162 Contra
483 2099 537 2162 hos
556 2103 669 2164 llontes
688 2121 751 2182 prce
775 2103 880 2166 ceteris
906 2103 1095 2184 disputarunt
1116 2102 1270 2182 oajeunns
1291 2101 1323 2163 in

251 2191 405 2243 wasmont.
423 2179 458 2243 de
471 2183 569 2243 Merit.
588 2183 661 2264 piet.
681 2201 716 2244 eo
739 2227 747 2244 .
769 2185 804 2261 1,
825 2191 855 2244 et
869 2187 956 2247 Sotus
974 2181 1025 2247 lib.
1048 2186 1067 2245 6
1086 2182 1122 2245 ds
1139 2185 1220 2246 Just.
1240 2203 1270 2268 q.
1290 2185 1319 2243 1.

248 2261 327 2326 111111
341 2281 412 2325 rero
424 2265 534 2325 mirum
549 2272 609 2340 est,
624 2202 866 2344 quodhaeretici‚
886 2265 939 2345 qui
960 2283 1063 2327 usuras
1082 2264 1223 2345 probant,
1241 2281 1322 2325 mon·

249 2349 294 2405 tes
309 2345 427 2424 pietatis
444 2345 611 2424 improbare
627 2347 794 2424 potuerint,
809 2364 937 2425 quorum
960 2365 977 2408 1
997 2363 1121 2408 numero
1146 2352 1216 2407 sunt
1236 2348 1325 2426 Carp-

248 2427 349 2488 zorius
361 2427 491 2510 proedo·
511 2427 598 2489 11111.
620 2446 675 2511 qu.
697 2429 738 2490 92
754 2446 839 2493 uum.
859 2430 880 2491 1
903 2436 933 2492 ot
954 2446 1028 2512 aeq,
1046 2433 1076 2489 et
1094 2427 1229 2490 Matthias
1246 2428 1322 2490 Zim·

247 2526 436 2585 mermanm,
454 2509 505 2587 qui
520 2510 657 2570 simulato
673 2509 794 2570 nomine
811 2509 954 2574 Dorothei
969 2509 1084 2574 Asciani
1103 2509 1214 2571 librum
1229 2507 1323 2570 edidit

249 2607 319 2650 cnm
344 2590 432 2652 titulo
460 2592 577 2653 Montes
601 2589 722 2674 pietatis
748 2592 949 2656 Routonenses
980 2588 1130 2669 tooure,
1164 2587 1319 2665 cononice,

250 2667 376 2754 theologi.
392 2668 501 2733 deuoti.
518 2671 673 2736 8111111111
690 2671 769 2748 bec,
784 2681 815 2734 et
832 2691 932 2734 secum
949 2673 1010 2754 ipsa
1028 2671 1189 2754 confligens
1215 2668 1321 2753 agendi

250 2753 376 2815 ratioet
393 2751 462 2815 odio
478 2753 626 2834 procedit,
643 2771 702 2833 quo
719 2753 775 2833 ipsi
795 2755 827 2815 in
846 2755 947 2817 sedem
965 2755 1159 2833 Apostolieam
1173 2754 1321 2815 feruntur.

250 2835 367 2897 Scilicet
383 2836 464 2915 quod
479 2836 517 2897 ab
531 2856 566 2898 ea
578 2836 742 2917 probantur
762 2844 877 2898 montes
901 2836 1031 2917 pietatis,
1053 2837 1258 2915 improbantur
1285 2832 1323 2893 ab

250 2916 397 3008 hereticis
420 2918 488 2979 lieet
511 2920 567 2997 ipsi
590 2918 651 2980 suis
670 2918 823 3012 principiis
849 2916 1052 2979 adversentur.
1083 2916 1262 3011 Boebmerus
1290 2913 1324 2974 in

244 2994 1324 3167 11111111111111111111

250 3161 759 3325 fflfflwpapg
770 3161 844 3324 2¹⁸3
862 3158 1006 3303 illl}
1017 3154 1199 3301 {tillut
1212 3154 1326 3298 illd

271 3324 384 3400 ietatis,
399 3332 433 3385 nt
453 3342 539 3404 opem
564 3323 708 3385 heberent
731 3330 850 3405 egentes
872 3322 1022 3399 homines,
1043 3323 1094 3400 qui
1113 3318 1326 3383 nloenerotori·

251 3342 320 3480 hus,
345 3406 509 3485 presertim
532 3404 675 3480 hebreis,
694 3422 762 3467 enm
777 3405 956 3486 gmrissimis
970 3404 1068 3465 usuris
1086 3412 1220 3465 mutuam
1240 3418 1325 3479 pecu-

251 3485 333 3547 niam
346 3487 477 3566 resipere
494 3487 686 3569 cogebantur.
704 3488 781 3547 Sane
794 3504 884 3565 quam
902 3486 960 3547 late
974 3492 1089 3565 pateret
1106 3503 1139 3547 11
1154 3490 1325 3563 tempestate

252 3568 359 3627 vitium
372 3586 530 3631 usurarum
547 3577 577 3631 et
592 3574 701 3647 quauta
716 3567 823 3629 exinde
840 3568 917 3629 11111
939 3566 1146 3645 proroderent,
1161 3572 1273 3629 constat
1287 3582 1322 3625 ex

251 3648 382 3727 antiquis
396 3651 596 3711 monumentis
622 3667 749 3727 quonum
772 3648 866 3711 molta
889 3648 1007 3729 collegit
1026 3650 1202 3711 Murstorius
1227 3645 1323 3729 antiq.

252 3728 352 3792 Italis.
370 3728 443 3793 dian
464 3734 514 3793 to.
538 3734 577 3795 Ut
598 3731 691 3812 igitur
707 3730 772 3792 brec
785 3730 860 3791 111111
881 3738 1104 3792 removerentur
1128 3738 1157 3792 et
1182 3744 1324 3809 pauperes

252 3830 313 3874 non
451 3822 502 3875 tur
518 3815 597 3877 ferre
615 3830 690 3874 onus
708 3812 914 3893 gravissimum
934 3830 1108 3888 usurarum,
1133 3812 1173 3891 pii
1189 3810 1325 3873 homines

252 3896 354 3975 origen
376 3902 560 3957 oscurarunt
574 3902 688 3957 montes
703 3895 832 3973 pietatis,
850 3893 931 3956 unde
945 3912 1087 3973 pauperes
1106 3892 1173 3955 dato
1185 3894 1321 3973 pignore,

253 3994 306 4057 per
327 3976 407 4056 quod
432 3996 481 4039 res
500 3977 609 4039 montis
631 3976 663 4037 in
688 3982 754 4037 tuto
773 3983 864 4055 esset,
888 3976 1056 4038 obtinerent
1078 3974 1245 4053 pecuniam,
1266 3988 1324 4049 qua

253 4058 437 4141 indigebant.
453 4060 586 4121 Primum
601 4058 677 4121 Urbs
688 4067 772 4119 vetus
782 4058 863 4121 hunc
872 4066 1003 4120 montem
1017 4054 1156 4129 instituit,
1169 4054 1252 4131 eujus
1265 4059 1327 4112 sta-

254 4146 316 4201 tuta
334 4138 373 4203 de
388 4142 491 4202 Monte
509 4137 638 4217 otrus,
662 4146 698 4200 ut
721 4140 879 4216 vocabant,
909 4156 1034 4217 expensa
1061 4144 1149 4214 atque
1166 4132 1325 4214 approbate

252 4222 376 4286 tuerent
400 4220 574 4301 coordinati
601 4221 727 4285 Ostiensi
751 4221 933 4299 omento,
957 4219 1094 4296 deinceps
1115 4215 1204 4277 etiarn
1223 4212 1326 4277 111111·-
