3575 5625
669 707 922 802 ..sao--¹

237 875 311 919 vero
325 856 540 917 accuratissime
555 874 589 915 ea
609 855 646 915 de
669 875 702 915 re
722 855 849 933 disputat
870 854 1051 934 Theophilus
1077 855 1256 936 llaynaudus
1284 856 1319 919 de

237 939 347 1000 anonit.
373 935 442 1000 eccl.
455 957 527 1019 por.
549 941 649 1019 deep.
666 942 706 998 20
730 956 800 1018 opp.
822 946 893 998 torn.
919 941 958 998 11
979 955 1050 1018 pag.
1078 941 1152 1014 511,
1173 959 1232 1018 quo
1255 943 1319 1018 qui-

237 1022 311 1082 dem
324 1023 389 1081 leco
412 1021 584 1101 gravitaret
603 1021 720 1100 egregie
737 1019 847 1079 refutat
872 1019 996 1099 hyalum
1015 1019 1228 1097 improbantem
1249 1041 1319 1082 cen-

238 1121 325 1164 suras
347 1103 414 1163 late
430 1102 600 1178 sententiaa,
618 1101 697 1179 quod
719 1101 829 1161 nullam
843 1101 1012 1164 eanonicam
1027 1100 1256 1163 admonitionem
1270 1123 1319 1165 se·

237 1192 391 1263 quantur,
415 1193 503 1262 atquc
527 1185 656 1244 ostendit
679 1183 888 1244 admonitionis
913 1183 976 1245 loco
1004 1201 1066 1244 case
1090 1183 1182 1261 ipsam
1209 1184 1319 1266 legem,

236 1285 309 1345 qne
329 1265 468 1327 omnibus
486 1265 598 1344 objecta
613 1275 674 1336 est,
696 1284 822 1344 queque
836 1262 946 1325 inflicta
968 1283 1100 1326 eensurm
1112 1283 1196 1342 poena
1210 1267 1322 1344 aliquid

237 1347 309 1408 fieri
325 1347 426 1428 jubet,
450 1355 503 1408 aut
525 1355 616 1407 vetat.
632 1349 696 1408 Van
721 1349 814 1426 Espen
833 1346 901 1429 jur.
929 1345 1030 1410 melca.
1056 1346 1191 1408 univers.
1204 1367 1275 1430 per.
1300 1351 1318 1408 5

239 1429 342 1491 11111
361 1432 461 1512 cond
481 1447 567 1488 vum.
586 1431 640 1503 193
655 1429 832 1490 Cavallarius
847 1427 940 1490 instit.
958 1449 1066 1491 ennon.
1080 1446 1151 1509 por.
1169 1431 1187 1490 5
1201 1447 1267 1511 cap.
1284 1432 1322 1490 55

238 1509 270 1593 S.
285 1514 321 1586 7,
341 1512 450 1590 aliique
468 1527 604 1588 expresse
622 1509 743 1588 quidem
767 1511 936 1589 improbare
950 1531 1009 1572 non
1025 1511 1135 1572 audent
1159 1529 1324 1574 excommu-

239 1595 420 1655 nicationem
441 1593 507 1653 trsae
529 1592 700 1667 sententiar,
724 1593 774 1653 sed
797 1610 879 1667 eam,
894 1594 1051 1654 recentiori
1072 1601 1156 1654 oetnte
1173 1594 1324 1655 inventam

239 1677 349 1750 luisse,
367 1693 402 1735 ae
422 1680 537 1734 tantum
560 1677 602 1736 xl
624 1681 675 1734 aut
692 1677 748 1735 llll
767 1675 901 1736 Ecclesiae
922 1675 1028 1736 seculo
1050 1675 1186 1752 usurpari
1205 1675 1325 1754 eoepisse

240 1757 438 1817 arbitrantur.
459 1754 519 1817 Sed
531 1757 584 1834 qui
607 1757 648 1816 ita
666 1757 817 1830 sentiunt,
836 1775 900 1816 sese
923 1757 1018 1817 omnis
1038 1756 1219 1834 antiquitatis
1238 1756 1324 1834 plene

240 1838 335 1898 rudes
360 1847 389 1899 et
408 1838 562 1916 imperitos
579 1838 727 1898 fateantur
753 1856 871 1898 neoesse
897 1847 951 1899 cst.
972 1841 1044 1900 Nam
1065 1840 1325 1900 excommunicatio

241 1921 312 1980 latre
325 1921 478 1981 sententie
488 1919 634 1998 originem
644 1918 753 1998 repetit
762 1919 801 1980 ah
814 1921 878 1998 ipso
891 1921 1044 1999 Apostolo,
1058 1919 1141 1998 eujus
1158 1919 1219 1980 haec
1236 1921 1325 1982 verba

241 2000 370 2063 suntad
381 1999 516 2063 Galat!
526 2019 602 2062 vers.
619 2003 659 2061 lle
682 2025 696 2054 ι
710 2001 740 2062 Si
757 2003 824 2080 quis
840 2003 923 2063 vobis
938 2001 1195 2082 evangelizaverit,
1217 2011 1326 2081 preter

242 2084 275 2144 id
295 2083 375 2162 quod
398 2083 565 2162 accepistis,
584 2082 741 2143 anathema
761 2084 810 2143 sit.
827 2109 840 2136 ιι
872 2087 948 2165 Ergo
961 2083 1119 2146 haeretieus
1144 2101 1203 2144 non
1228 2083 1326 2144 homi·

243 2165 292 2224 nis
312 2165 476 2240 sententia,
501 2164 552 2224 sed
577 2164 642 2242 ipso
663 2166 743 2226 facto
768 2165 924 2225 anathema
948 2174 1006 2241 est,
1034 2165 1132 2226 statim
1159 2183 1192 2225 ac
1214 2165 1325 2228 doetri-

241 2263 315 2306 nam
342 2247 449 2323 tradit,
476 2263 544 2324 quse
571 2247 652 2306 venti
680 2247 823 2307 doetrinae
854 2248 1037 2308 adversetur.
1065 2251 1130 2325 lpse
1153 2246 1260 2308 Paulus
1285 2247 1326 2309 nd

249 2327 354 2388 litum
368 2327 423 2389 111
444 2343 523 2388 aera.
541 2329 580 2388 10
601 2336 629 2388 at
643 2331 698 2405 ll,
718 2336 784 2407 post
805 2347 894 2389 unam
918 2338 948 2390 et
968 2329 1088 2390 alteram
1109 2329 1325 2408 correptionem

243 2406 399 2470 scelestum
413 2409 539 2470 devitari
558 2409 662 2487 jubet,
685 2434 699 2464 ι
714 2410 825 2487 Sciens,
843 2413 951 2490 inquit,
966 2412 1035 2490 quia
1048 2410 1206 2471 subversus
1219 2412 1324 2490 estqui

241 2491 389 2570 ejusmodi
411 2498 470 2561 est,
486 2498 517 2550 et
538 2491 702 2569 delinquit,
725 2509 793 2552 eum
817 2493 857 2552 sit
877 2494 997 2573 proprio
1018 2492 1131 2570 judicio
1153 2492 1326 2554 condemno-

241 2581 305 2633 tus.
321 2599 334 2626 ιι
355 2575 451 2648 Quem
466 2572 547 2634 Pauli
565 2573 661 2633 locum
678 2574 718 2633 ita
733 2575 947 2652 interpretatur
960 2575 1140 2654 Augustinus
1154 2575 1187 2634 in
1201 2593 1268 2635 can.
1285 2578 1324 2635 29

241 2671 330 2715 eona.
348 2655 388 2714 at
404 2664 509 2737 qaoeat.
529 2655 548 2716 5
561 2675 569 2714 =
597 2679 611 2708 ιι
625 2655 699 2730 Quia
713 2655 871 2716 subversus
881 2665 926 2717 cst
941 2655 1109 2734 hujusmodi
1125 2663 1154 2715 et
1167 2665 1280 2735 peccat,
1296 2665 1326 2716 et

242 2745 331 2833 esta
353 2739 508 2831 semetipso
531 2737 696 2833 damnatus.
725 2739 899 2833 llmreticus,
916 2755 1004 2817 quem
1031 2737 1170 2819 defugere
1192 2745 1325 2817 oportet,

240 2816 1327 2981 rstrmttlltntormnl‚truttmunt-’um

243 2983 369 3043 tentiam
384 2981 458 3043 huie
470 3001 565 3061 penae
585 2982 761 3062 subjicitur?
784 2987 816 3045 S.
837 2983 928 3046 ludas
945 2981 1092 3059 apestolus
1114 2981 1323 3061 aristocreon.

241 3083 322 3126 vers.
339 3067 378 3125 19
393 3072 536 3125 memorat
549 3064 701 3126 hereticos
713 3074 745 3126 et
754 3066 906 3139 scelestos,
918 3064 969 3142 qui
990 3088 1003 3116 ιι
1018 3066 1179 3142 segregant
1190 3064 1325 3141 semetip-

241 3164 307 3223 sos,
333 3146 490 3221 animales,
516 3147 654 3225 spiritum
678 3166 738 3207 non
765 3146 918 3207 hahentes.
952 3144 1106 3207 chrtehi
1122 3142 1325 3205 hominesnon

240 3246 298 3306 per
317 3228 432 3307 judicis·
449 3228 641 3306 sententiam,
656 3229 709 3289 aed
733 3247 786 3307 per
807 3229 920 3289 crimem
944 3226 1113 3308 smaelipaoa
1132 3234 1287 3305 segregent
1308 3246 1324 3285 n

238 3309 378 3371 fidelium
395 3309 617 3385 communione,
636 3328 703 3389 qum
723 3312 789 3372 lata
807 3310 960 3371 sententie
985 3308 1248 3381 excommunicatio
1268 3317 1323 3369 cst.

240 3395 274 3453 S.
289 3391 424 3453 lustinus
442 3394 483 3452 ll.
511 3392 546 3452 irs
560 3390 672 3473 dialog.
692 3412 761 3453 cem
784 3388 942 3488 l'ryphoae
961 3388 1069 3451 ladano
1088 3407 1174 3451 nam.
1192 3391 1230 3450 511
1249 3406 1324 3473 pay.

240 3475 305 3533 toa
319 3471 391 3533 edit.
407 3473 510 3534 Poris.
528 3474 608 3534 tm
622 3475 660 3533 de
674 3473 866 3535 schismaticas
880 3481 911 3534 ct
920 3472 1067 3533 hereticis
1081 3472 1199 3550 inquit:
1227 3498 1240 3525 ιι
1251 3475 1324 3533 Cum

239 3554 353 3615 horum
377 3555 496 3614 nemine
516 3557 783 3631 communicamus3
802 3573 871 3617 cum
895 3555 998 3615 atheos
1018 3562 1048 3614 at
1069 3554 1174 3633 impios
1191 3572 1269 3629 esse,
1292 3572 1325 3615 ac

239 3637 369 3715 injustos
384 3643 413 3696 et
427 3636 542 3716 exleges
559 3640 694 3697 aciamus.
712 3662 725 3690 ιι
745 3641 806 3700 cur
822 3636 975 3697 christiani
995 3654 1061 3697 cum
1083 3636 1274 3697 schismaticis
1295 3645 1325 3698 et

239 3718 394 3779 hereticis
409 3736 466 3777 non
481 3720 756 3779 communicabant?
777 3724 903 3798 Propter
916 3720 1012 3799 ipsum
1033 3718 1158 3789 crimen,
1188 3718 1268 3797 quod
1287 3718 1324 3779 ah

236 3801 276 3860 iis
291 3798 453 3859 admissum
472 3800 561 3860 luisse
583 3801 730 3876 sciebant,
752 3818 812 3862 non
827 3808 947 3879 propter
964 3802 1090 3879 aliquam
1111 3800 1238 3861 hominis
1256 3818 1323 3859 sen-

239 3883 385 3963 tentiam,
401 3898 469 3959 quse
489 3890 588 3941 eontra
608 3900 657 3943 eos
676 3883 734 3943 lata
752 3884 866 3944 luisset.
886 3887 981 3945 AEtate
1004 3890 1168 3961 martyrum
1187 3880 1324 3941 christia-

238 3980 312 4038 nos,
339 3965 390 4040 qui
415 3982 430 4023 a
453 3962 513 4023 fide
538 3964 720 4041 deiecerant,
744 3964 810 4046 ipro
835 3964 917 4048 foeta
941 3963 978 4025 ah
1006 3964 1133 4024 ecclesias
1157 3962 1270 4022 unitate
1293 3970 1323 4021 et

238 4046 451 4106 communione
469 4046 626 4121 excidisse,
647 4048 807 4107 ostendunt
825 4047 975 4125 inprimis
994 4055 1056 4105 tum
1075 4049 1106 4107 S.
1123 4043 1261 4121 Cypriani
1285 4044 1323 4103 nd

237 4127 355 4187 clerum
377 4131 541 4187 Romanum
563 4135 592 4186 et
618 4128 833 4204 Antonianum,
861 4136 925 4188 tum
949 4127 1018 4187 cleri
1042 4125 1165 4187 Romani
1187 4121 1223 4181 ad
1237 4140 1322 4182 eum-

238 4208 311 4269 dem
327 4208 506 4285 Cyprlanum
522 4208 644 4284 littere,
669 4228 734 4287 quae
756 4217 872 4269 exstant
886 4227 960 4304 pag.
977 4209 1053 4281 ttl,
1077 4207 1151 4279 906,
1176 4204 1235 4263 209
1251 4221 1320 4285 opp.

241 4286 395 4370 Cypriani
415 4287 461 4348 ed.
483 4288 645 4352 Arrestelod.
670 4293 761 4357 1700.
784 4290 945 4352 Concilium
966 4288 1178 4350 illiberitanum
1193 4304 1260 4346 con.
1288 4290 1320 4363 l,

342 4393 418 4439 roa.
449 4395 483 4440 11.
1181 4367 1225 4437 18
