3575 5625
770 1030 1091 1122 ἩῊΞΜ
1119 1031 1231 1119 Ν.

694 1245 732 1309 lle
759 1247 832 1310 tolita
853 1245 993 1308 'tolerantia
1019 1243 1129 1306 llnstinnn
1154 1241 1298 1322 Religionis.

458 1550 479 1600 1.
492 1549 583 1600 Omnes
593 1563 608 1598 a
618 1547 738 1598 entbolica
752 1548 854 1599 veritate
864 1548 957 1600 dissen-
1035 1547 1064 1597 V.
1080 1547 1117 1598 Ne
1127 1556 1192 1596 ructa
1203 1543 1303 1612 quidem
1314 1542 1378 1593 ratio
1396 1542 1457 1618 sinit
1473 1541 1539 1617 inter

524 1614 612 1664 tientes
631 1614 695 1665 inte
706 1614 839 1666 ontlnoliooo
856 1631 905 1665 non
921 1625 957 1666 to-
1099 1612 1231 1664 oatbolioos
1245 1609 1334 1660 rersoni
1346 1609 1476 1670 homones,
1494 1623 1539 1675 qm

525 1678 631 1730 letandi.
1099 1693 1114 1728 a
1126 1677 1226 1728 veritate
1237 1676 1377 1726 abhorrent.

459 1743 524 1796 tiso
536 1745 579 1794 tv,
598 1744 663 1806 Quid
678 1744 794 1806 enclesis,
810 1743 872 1811 quid
889 1743 957 1812 prin·
1035 1741 1162 1794 v1.ttutta
1182 1741 1220 1792 bis
1236 1740 1350 1792 omnibus
1362 1739 1432 1808 justa
1445 1737 1539 1790 erroris

525 1825 583 1886 ueps
594 1811 754 1860 saecubrisin
766 1811 901 1879 lnocgenus
913 1810 956 1860 bo-
1101 1807 1225 1858 excusatio
1236 1818 1281 1857 est.
1523 1868 1529 1878 Ι

463 1917 467 1922 .
524 1875 816 1945 mnnunnaperedebentl
1033 1873 1087 1924 vlt.
1110 1872 1215 1935 Quando
1232 1883 1257 1924 et
1272 1871 1398 1939 quomodo
1414 1869 1440 1920 bi
1460 1869 1541 1920 bourn

1100 1953 1144 1992 neo
1157 1937 1255 1990 tolerari
1267 1936 1376 2004 possint?

956 2055 987 2155 o.
1018 2057 1044 2125 t.

509 2203 560 2274 Ns
597 2204 831 2278 catholioorum
870 2207 972 2276 animi
1014 2205 1203 2276 inficiantur
1245 2201 1428 2289 erroribus,
1458 2227 1541 2296 pra-

462 2299 572 2398 visque
604 2302 814 2399 opinionibus
845 2317 879 2373 et
919 2302 1010 2374 sactis
1046 2328 1191 2392 eorum,
1222 2301 1341 2398 quibus
1381 2299 1486 2369 alienu
1521 2325 1541 2367 a

463 2401 597 2469 veritate
634 2402 795 2470 sententia
833 2416 867 2471 et
908 2399 1024 2497 religio
1063 2416 1132 2486 uso,
1173 2415 1260 2471 recte
1303 2411 1336 2470 et
1374 2399 1540 2494 sapienter

459 2495 591 2568 ecelesia
618 2498 807 2588 coustituit,
849 2512 887 2566 ut
916 2495 952 2568 bi
989 2499 1135 2570 homines
1177 2495 1293 2594 procul
1334 2521 1352 2564 a
1396 2491 1541 2566 catholi-

460 2617 575 2664 uorum
606 2595 756 2665 societate
791 2610 828 2666 et
862 2600 1024 2668 consortio
1059 2594 1263 2692 expellantur
1303 2592 1370 2690 (l).
1408 2591 1540 2662 Horum

460 2705 569 2762 autem
599 2690 771 2788 multiplex
795 2716 899 2787 genus
925 2711 986 2764 est.
1021 2691 1107 2763 Nom
1133 2691 1186 2764 alii
1215 2705 1311 2781 sunt,
1341 2693 1397 2789 qui
1427 2691 1541 2760 Deum

460 2811 593 2886 prorsus
636 2787 778 2879 tollunt,
828 2803 885 2862 aut
923 2792 981 2888 qui
1020 2791 1161 2863 otiosum
1204 2791 1338 2887 fingunt
1374 2803 1408 2863 et
1451 2785 1540 2857 nibil

459 2884 634 2957 sollicitum
667 2912 777 2958 rerum
800 2886 1018 2959 humanarum
1063 2888 1191 2977 Deum3
1218 2888 1292 2977 alii,
1328 2890 1386 2985 qui
1426 2910 1539 2957 rerum

460 2985 611 3056 omnium
643 2983 829 3057 effectorem
871 2986 1016 3077 faciunt,
1052 2984 1142 3084 quod
1175 3001 1320 3059 creatum
1357 3004 1424 3069 θεῖς
1458 2998 1540 3055 suut

460 3079 603 3154 deniae
639 3097 814 3180 apostata,
848 3081 1015 3173 haereoici,
1057 3084 1261 3156 schismatici.
1299 3084 1340 3155 Hi
1376 3102 1414 3155 ut
1451 3084 1537 3152 inter

460 3110 634 3252 eathbbicos
665 3197 840 3271 maneant,
863 3180 1037 3252 ferendum
1067 3202 1135 3253 tnou
1160 3198 1222 3254 est.

500 3328 543 3409 (l)
563 3330 656 3388 Vetus
669 3335 714 3387 est
726 3346 811 3388 error
825 3328 968 3408 Appellis,
985 3337 1018 3389 ut
1032 3337 1156 3390 tsstatur
1171 3328 1313 3391 Eusebius
1326 3325 1432 3390 histor.
1448 3324 1501 3389 lto.
1519 3331 1537 3389 5

461 3426 527 3489 cop.
556 3408 593 3467 l5
611 3426 683 3487 pop.
709 3410 770 3469 226
793 3408 864 3470 edit.
892 3406 1005 3471 Volesio'
1022 3409 1193 3493 Cantabriq.
1219 3413 1314 3485 llio,
1339 3410 1444 3489 ajentis
1465 3408 1537 3471 lintei

460 3490 605 3551 rationem
626 3505 685 3548 non
698 3508 761 3551 esse
781 3492 987 3571 quarendum,
1009 3494 1078 3570 quis
1091 3493 1116 3553 si
1137 3510 1239 3553 ornnes
1255 3494 1287 3554 in
1304 3490 1456 3553 Christum
1471 3510 1538 3553 ere-

461 3571 537 3632 dunt
559 3577 647 3647 utque
669 3570 700 3631 in
725 3588 760 3632 eo
784 3589 866 3651 spem
889 3590 971 3634 suam
998 3582 1129 3651 ponunt,
1158 3575 1196 3635 ad
1220 3572 1353 3635 eumdem
1383 3572 1538 3635 ecetesiam

458 3651 623 3733 pertinent,
641 3652 755 3712 etiamsi
771 3652 893 3715 fortusse
907 3655 937 3714 in
952 3654 1016 3715 nliis
1034 3655 1124 3717 rebus
1141 3655 1331 3731 dissentiant3
1347 3673 1436 3733 quem
1453 3672 1539 3717 orro-

459 3750 524 3795 rem
538 3741 568 3792 et
585 3733 727 3813 Georgius
739 3736 900 3797 Cassander
922 3736 1091 3798 bellarmini
1110 3744 1210 3815 miste,
1231 3746 1264 3797 ut
1287 3738 1349 3815 ipse
1365 3744 1492 3797 testatur
1503 3734 1539 3799 nie

460 3812 547 3876 loiris
566 3813 601 3873 L.
629 3815 646 3875 5
673 3832 740 3896 cap.
763 3818 801 3878 l9
819 3835 889 3899 opp.
914 3826 983 3879 lom.
1005 3820 1025 3880 2
1036 3837 1109 3902 pop.
1131 3820 1191 3881 272
1213 3816 1283 3880 edit.
1310 3820 1411 3880 Veniet.
1437 3820 1537 3893 list,

459 3896 612 3970 excitarim
630 3898 790 3959 Donatistae
804 3899 959 3979 Augustini
978 3908 1063 3961 aetate
1076 3900 1215 3962 adsensus
1232 3900 1389 3961 catholiuos
1412 3907 1540 3961 eonten-

460 3978 570 4041 debant
592 3976 744 4040 boeretieos
758 3997 823 4041 esse
840 3980 1023 4058 tolerandum
1047 3991 1222 4044 nouantem
1243 3980 1420 4043 coercendos
1442 3984 1540 4061 permis

459 4062 522 4123 sive
545 4059 768 4139 temporalibus,
789 4062 851 4122 sive
867 4064 1079 4142 spiritualibus,
1095 4064 1174 4143 quoti
1198 4064 1260 4143 ipss
1282 4064 1468 4144 Augustinus
1491 4082 1541 4125 os·

458 4143 556 4205 tendit
569 4151 665 4207 contr.
684 4161 731 4223 ep.
746 4144 947 4208 Parmenion.
972 4142 1021 4209 oo.
1043 4150 1056 4209 l
1074 4164 1140 4229 sap.
1159 4148 1179 4207 8
1198 4163 1268 4227 opps
1289 4143 1376 4207 loto
1403 4142 1463 4208 eol.
1485 4149 1538 4223 ts,
