3575 5625
695 641 842 711 —269
869 684 917 697 -

263 814 363 861 omne
403 803 591 863 removetur
639 786 821 881 periculum
856 780 1116 884 depravationis,
1153 790 1211 863 sed
1250 792 1350 861 etiam

264 890 322 971 iis,
360 888 420 983 qui
466 886 504 955 in
545 908 656 957 errore
701 900 888 975 versantur,
933 885 1055 981 quibus
1090 910 1133 959 eae
1208 887 1351 961 eccleciae

257 982 423 1081 judicium
449 997 484 1053 et
511 982 601 1076 jueta
627 984 778 1055 coercitio
799 981 936 1055 salutem
964 982 1076 1055 attulit
1102 986 1117 1079 (
1142 988 1169 1081 ).

305 1144 348 1223 (l)
363 1167 376 1195 u
391 1141 485 1221 igitur
498 1147 528 1201 et
538 1140 664 1201 scintilla
679 1142 778 1203 statim
791 1149 824 1202 ut
835 1142 1021 1221 apparuerit,
1037 1142 1133 1223 inquit
1154 1145 1351 1225 Hieronymus

265 1231 424 1285 cornment.
446 1222 479 1283 in
538 1222 581 1283 't.
599 1220 641 1283 cd
661 1218 786 1285 Gdotcr
809 1241 876 1305 cop.
895 1225 913 1284 ll
931 1226 1046 1286 cerm
1070 1243 1139 1306 opp.
1167 1232 1238 1287 tom.
1255 1229 1274 1289 7
1290 1226 1347 1289 col.

265 1307 327 1365 tat
349 1302 422 1365 edit.
448 1305 475 1363 V
537 1303 595 1366 rrii
618 1306 744 1381 Veron,
767 1304 1051 1386 extinguendam,
1076 1315 1107 1366 et
1127 1306 1309 1369 termentum
1332 1328 1349 1371 a

264 1404 370 1445 messe
396 1385 501 1445 vicinio
527 1385 754 1461 semovendum,
782 1386 916 1447 secundm
937 1387 1066 1465 putrido
1089 1406 1207 1459 carnee,
1231 1397 1261 1451 et
1287 1408 1351 1450 ecce

266 1466 385 1527 lriosum
414 1466 563 1529 animala
597 1468 689 1528 caulis
721 1468 821 1529 ovium
844 1468 1066 1548 repellendum,
1092 1488 1131 1530 ne
1156 1478 1216 1529 tota
1244 1470 1350 1532 domus

267 1566 378 1623 massa,
396 1565 501 1643 corpus
515 1558 545 1609 at
566 1566 687 1645 pecora,
710 1548 828 1645 ardeat,
848 1558 1070 1645 corrumpatur,
1092 1560 1255 1646 putrescat,
1272 1552 1351 1613 iota-
1473 1586 1478 1595 ·

267 1632 556 1786 ttfdttttt
570 1629 1352 1792 tlllutl‘ntlttt“ttftttctttt:
1414 1663 1454 1761 Q
1500 1764 1504 1769 ,

266 1790 325 1873 fid.
349 1788 391 1851 cd
412 1792 551 1853 Grotion.
567 1811 634 1876 cop.
656 1795 675 1853 6
697 1812 765 1877 opp.
783 1802 854 1855 tom.
875 1796 894 1853 ὅ
912 1811 988 1935 ffl'
1017 1795 1073 1856 ΞΗ
1098 1792 1145 1855 ed.
1175 1796 1247 1857 Veri.
1270 1798 1347 1857 1⁷81

269 1873 341 1933 dicit
355 1872 440 1933 haec:
462 1898 475 1927 a
491 1876 616 1935 llarresis
626 1874 707 1935 velut
720 1875 856 1954 quodam
870 1873 911 1953 hy
977 1874 1162 1950 tabularum,
1177 1876 1351 1938 vulneribus

268 1954 329 2015 sois
348 1954 455 2031 crevit,
477 1964 507 2013 et
529 1956 601 2017 dum
618 1975 695 2036 smpe
716 1956 876 2033 reciditur,
891 1955 1034 2035 pullulat,
1058 1958 1118 2039 igni
1130 1957 1230 2019 debita
1245 1959 1348 2020 inccn-

271 2036 560 2115 linquendum.»
1094 2083 1098 2093 .

309 2118 351 2198 (l)
379 2121 463 2179 «cur
476 2136 548 2199 ergo
561 2137 619 2179 oon
634 2126 753 2200 cogeret
765 2117 902 2195 ecclesia,
918 2119 1015 2196 inquit
1029 2122 1212 2201 Augustinus
1225 2140 1272 2204 ep.
1289 2122 1349 2183 too

271 2196 313 2259 cd
326 2198 468 2281 Bonisoc.
492 2219 561 2282 cop.
584 2204 603 2261 6
622 2218 691 2283 opp.
715 2207 786 2261 tom.
807 2204 827 2259 2
849 2198 906 2263 col.
928 2203 984 2261 651
1006 2198 1054 2261 ed.
1081 2204 1182 2264 Venet.
1202 2204 1269 2278 cit,
1284 2222 1352 2283 per·

269 2278 346 2341 ditos
368 2279 460 2353 lilios,
476 2290 510 2341 ut
524 2281 674 2356 redirent,
690 2282 715 2343 si
738 2281 846 2361 perditi
876 2281 931 2343 lilii
955 2291 1113 2361 coegerunt
1138 2284 1225 2360 alica,
1249 2293 1284 2344 ut
1298 2303 1351 2363 pe-

267 2363 388 2421 rirent?
401 2388 415 2416 ι»
436 2360 683 2443 llimonymuscd
692 2363 798 2445 llipor.
812 2372 908 2425 contr.
927 2360 1082 2446 Vicilonti.
1097 2383 1143 2445 ep.
1160 2366 1219 2426 109
1231 2383 1317 2426 num.
1332 2366 1362 2425 δ’

268 2440 327 2505 col.
341 2445 399 2503 ῬΜ
426 2451 495 2505 tom.
518 2447 532 2506 l
560 2442 632 2505 edit.
654 2446 761 2506 Veron.
787 2444 838 2507 cit.
861 2468 875 2500 ι
895 2448 961 2509 Nou
978 2452 1022 2506 est
1045 2446 1220 2525 crudelitas,
1236 2447 1348 2526 inquit,
1459 2508 1462 2511 ,

268 2524 409 2605 (crimina
422 2543 476 2603 pro
487 2530 549 2587 Deo
563 2526 681 2607 punire)
694 2526 746 2587 ced
759 2526 863 2605 pietas.
880 2550 893 2581 a

312 2604 356 2683 (5)
377 2607 482 2667 Confer
499 2608 696 2688 Augustinum
712 2607 762 2668 cit.
786 2608 871 2689 epist.
896 2605 938 2670 od
955 2606 1114 2690 Bonisoc„
1132 2607 1183 2669 uiri
1206 2609 1265 2669 late
1289 2607 1352 2669 hre-

267 2688 377 2748 rcticoe
396 2687 580 2766 repellendos
598 2688 834 2767 coercendosque
854 2706 919 2750 eece
943 2689 1142 2765 demonstrat3
1169 2698 1199 2749 et
1224 2690 1248 2750 ei
1270 2690 1352 2750 aliud

267 2767 429 2848 aliquando
449 2778 595 2846 censerat,
611 2772 653 2832 sic
673 2768 824 2834 scribitur
843 2778 967 2833 retract.
982 2768 1034 2833 to.
1051 2772 1071 2832 2
1086 2788 1153 2854 cop.
1173 2773 1274 2853 lopo.
1291 2778 1313 2833 t.
1333 2773 1348 2832 l

268 2847 326 2912 col.
351 2853 392 2913 ta
411 2848 456 2912 ed.
473 2851 535 2929 cit,
565 2877 579 2906 «
595 2857 670 2915 Sunt
685 2854 744 2913 duo
764 2851 835 2913 libri
853 2854 912 2913 mei
930 2861 1030 2916 contra
1049 2860 1164 2932 portem
1182 2853 1305 2927 Donati,
1320 2852 1353 2913 in

267 2951 398 3010 quorum
417 2933 513 3011 primo
538 2933 618 3011 dixi,
643 2951 703 2994 non
726 2933 800 2994 mihi
822 2933 955 3013 placere,
980 2934 1072 2995 ullius
1093 2933 1239 2993 secularis
1257 2941 1353 3012 potee-

267 3015 339 3074 tatie
358 3016 470 3094 impetu
491 3014 689 3076 schismaticos
710 3015 748 3076 ad
766 3016 1005 3076 cummunionem
1021 3014 1167 3078 violenter
1180 3013 1298 3073 arctari.
1317 3016 1354 3074 Et

266 3113 340 3156 vere
361 3104 433 3156 tunc
446 3094 521 3156 mihi
540 3096 762 3175 conplacebat,
782 3095 923 3176 quoniam
943 3097 1078 3157 noudum
1095 3103 1234 3173 expertus
1249 3111 1350 3170 eram,

266 3175 317 3237 vel
332 3186 475 3254 quantum
494 3177 562 3239 mali
584 3196 687 3239 eorum
708 3177 832 3240 auderet
846 3177 1026 3257 impunitas,
1044 3177 1091 3238 vel
1103 3183 1247 3254 quantum
1265 3176 1308 3237 cie
1320 3175 1352 3236 in

266 3258 378 3318 melius
390 3259 539 3321 mutandis
556 3261 688 3322 conterre
701 3267 799 3340 potest
814 3260 967 3343 diligentia
979 3257 1152 3338 discipliuae.

321 3410 352 3512 §.
379 3411 438 3482 ΙΙΙ.
480 3413 590 3510 Atque
636 3415 680 3484 ita
725 3439 855 3509 semper
891 3412 1025 3485 ecclesia
1059 3426 1236 3510 patresque
1275 3435 1354 3482 om-

266 3535 333 3582 nes
374 3511 428 3604 (l)
468 3509 604 3581 devitari
642 3511 834 3602 voluerunt,
870 3527 905 3583 et
936 3536 1013 3582 cum
1060 3507 1224 3581 catholicis
1271 3533 1355 3580 con·

260 3611 402 3706 junctos
441 3624 474 3678 et
516 3609 713 3680 consociatos
747 3633 814 3680 ease
855 3623 1032 3680 vetuerunt
1064 3631 1196 3695 omnes,
1238 3608 1295 3703 qui
1335 3631 1354 3675 a

265 3703 354 3778 fidei
382 3707 517 3776 veritate
555 3706 764 3794 aberrarent3
801 3704 952 3802 exemplo
982 3704 1103 3776 scilicet
1135 3721 1170 3775 et
1208 3705 1354 3776 auctori-

264 3817 340 3874 tare
372 3826 507 3892 eorum,
542 3827 616 3899 qum
647 3805 743 3874 sacris
786 3801 876 3874 libris
910 3805 1121 3874 continentur
1148 3801 1227 3896 (ἢ),
1261 3823 1355 3896 quae·

265 3923 339 3996 que
358 3897 400 3968 ab
424 3898 576 3996 apostolis
601 3915 690 3995 gestu
716 3918 793 3972 suut
816 3901 884 3998 (ὅ).
909 3899 1027 3996 Neque
1055 3923 1132 3969 rero
1164 3897 1257 3968 alicui
1286 3898 1354 3963 rim

264 3995 373 4067 infert
412 3996 564 4086 ecclesia,
601 4012 657 4068 aut
694 3997 837 4095 aliquem
872 3998 915 4068 ad
950 3996 1052 4067 fidem
1091 3993 1247 4064 violenter
1289 3991 1352 4061 ad-

266 4093 383 4181 ducit,
420 4119 495 4165 cum
520 4119 574 4164 cos
607 4095 757 4167 homines
794 4095 909 4189 procul
946 4123 965 4165 u
1002 4090 1233 4164 catholicorum
1270 4113 1355 4159 con-

265 4192 448 4264 sociatione
475 4217 542 4262 esse
567 4193 666 4290 jubet
694 4209 727 4264 et
757 4194 863 4287 poenis
895 4195 993 4262 etiam
1023 4202 1164 4260 coercet.
1204 4187 1354 4258 Tantum
