<?xml version="1.0" encoding="UTF-8"?>
<!DOCTYPE html PUBLIC "-//W3C//DTD XHTML 1.0 Transitional//EN"
    "http://www.w3.org/TR/xhtml1/DTD/xhtml1-transitional.dtd">
<html xmlns="http://www.w3.org/1999/xhtml" xml:lang="en" lang="en">
 <head>
  <title>
</title>
<meta http-equiv="Content-Type" content="text/html;charset=utf-8" />
  <meta name='ocr-system' content='tesseract 3.04.00' />
  <meta name='ocr-capabilities' content='ocr_page ocr_carea ocr_par ocr_line ocrx_word'/>
</head>
<body>
  <div class='ocr_page' id='page_1' title='image "./institutionumca01devogoog_0515.png"; bbox 0 0 3575 5625; ppageno 0'>
   <div class='ocr_carea' id='block_1_1' title="bbox 483 640 549 684">
    <p class='ocr_par' dir='ltr' id='par_1_1' title="bbox 483 640 549 684">
     <span class='ocr_line' id='line_1_1' title="bbox 483 640 549 684; baseline -0.03 0"><span class='ocrx_word' id='word_1_1' title='bbox 483 640 549 684; x_wconf 79' lang='lat' dir='ltr'><strong>litu</strong></span> 
     </span>
    </p>
   </div>
   <div class='ocr_carea' id='block_1_2' title="bbox 481 722 1671 913">
    <p class='ocr_par' dir='ltr' id='par_1_2' title="bbox 481 722 1671 915">
     <span class='ocr_line' id='line_1_2' title="bbox 481 722 1671 834; baseline -0.005 -15"><span class='ocrx_word' id='word_1_2' title='bbox 481 758 682 831; x_wconf 76' lang='lat' dir='ltr'><strong>selemiam,</strong></span> <span class='ocrx_word' id='word_1_3' title='bbox 702 756 740 816; x_wconf 86' lang='lat' dir='ltr'><strong>ad</strong></span> <span class='ocrx_word' id='word_1_4' title='bbox 764 754 967 834; x_wconf 82' lang='lat' dir='ltr'><strong>episcoporum</strong></span> <span class='ocrx_word' id='word_1_5' title='bbox 984 752 1131 813; x_wconf 86' lang='lat' dir='ltr'><strong>solertiam</strong></span> <span class='ocrx_word' id='word_1_6' title='bbox 1155 750 1389 829; x_wconf 82' lang='lat' dir='ltr'><strong>industriamque</strong></span> <span class='ocrx_word' id='word_1_7' title='bbox 1415 756 1558 832; x_wconf 88' lang='lat' dir='ltr'><strong>pertinet.</strong></span> <span class='ocrx_word' id='word_1_8' title='bbox 1670 722 1671 769; x_wconf 26' lang='lat' dir='ltr'><strong>f</strong></span> 
     </span>
     <span class='ocr_line' id='line_1_3' title="bbox 482 832 1671 913; baseline -0.007 -12"><span class='ocrx_word' id='word_1_9' title='bbox 482 845 515 902; x_wconf 94' lang='lat' dir='ltr'><strong>ln</strong></span> <span class='ocrx_word' id='word_1_10' title='bbox 528 839 728 900; x_wconf 81' lang='lat' dir='ltr'>executionem</span> <span class='ocrx_word' id='word_1_11' title='bbox 744 838 843 913; x_wconf 87' lang='lat' dir='ltr'><strong>itaque</strong></span> <span class='ocrx_word' id='word_1_12' title='bbox 858 832 974 894; x_wconf 86' lang='lat' dir='ltr'><strong>articuli</strong></span> <span class='ocrx_word' id='word_1_13' title='bbox 989 835 1015 893; x_wconf 96' lang='lat' dir='ltr'><strong>ll</strong></span> <span class='ocrx_word' id='word_1_14' title='bbox 1030 834 1194 893; x_wconf 74' lang='lat' dir='ltr'><strong>novissime</strong></span> <span class='ocrx_word' id='word_1_15' title='bbox 1214 834 1416 899; x_wconf 86' lang='lat' dir='ltr'><strong>conventionis</strong></span> <span class='ocrx_word' id='word_1_16' title='bbox 1441 853 1458 893; x_wconf 86' lang='lat' dir='ltr'><strong>a</strong></span> <span class='ocrx_word' id='word_1_17' title='bbox 1473 836 1562 897; x_wconf 81' lang='lat' dir='ltr'><strong>nohis</strong></span> <span class='ocrx_word' id='word_1_18' title='bbox 1670 832 1671 883; x_wconf 70' lang='lat' dir='ltr'><strong>l</strong></span> 
     </span>
    </p>
   </div>
   <div class='ocr_carea' id='block_1_3' title="bbox 480 914 1562 1241">
    <p class='ocr_par' dir='ltr' id='par_1_3' title="bbox 480 914 1562 1241">
     <span class='ocr_line' id='line_1_4' title="bbox 480 914 1562 995; baseline -0.004 -14"><span class='ocrx_word' id='word_1_19' title='bbox 480 942 548 981; x_wconf 90' lang='lat' dir='ltr'><strong>cum</strong></span> <span class='ocrx_word' id='word_1_20' title='bbox 573 918 759 980; x_wconf 85' lang='lat' dir='ltr'><strong>serenissimo</strong></span> <span class='ocrx_word' id='word_1_21' title='bbox 787 921 867 995; x_wconf 72' lang='lat' dir='ltr'><strong>Rege</strong></span> <span class='ocrx_word' id='word_1_22' title='bbox 886 914 1044 977; x_wconf 88' lang='lat' dir='ltr'><strong>Guilielmo</strong></span> <span class='ocrx_word' id='word_1_23' title='bbox 1070 914 1151 975; x_wconf 79' lang='lat' dir='ltr'><strong>initae</strong></span> <span class='ocrx_word' id='word_1_24' title='bbox 1177 914 1342 977; x_wconf 85' lang='lat' dir='ltr'><strong>seminaria.</strong></span> <span class='ocrx_word' id='word_1_25' title='bbox 1363 916 1398 975; x_wconf 91' lang='lat' dir='ltr'><strong>in</strong></span> <span class='ocrx_word' id='word_1_26' title='bbox 1426 916 1562 992; x_wconf 85' lang='lat' dir='ltr'><strong>qualibet</strong></span> 
     </span>
     <span class='ocr_line' id='line_1_5' title="bbox 482 995 1562 1078; baseline -0.004 -15"><span class='ocrx_word' id='word_1_27' title='bbox 482 1002 615 1076; x_wconf 80' lang='lat' dir='ltr'><strong>diaecesi,</strong></span> <span class='ocrx_word' id='word_1_28' title='bbox 626 1017 661 1061; x_wconf 93' lang='lat' dir='ltr'><strong>eo</strong></span> <span class='ocrx_word' id='word_1_29' title='bbox 669 1001 720 1078; x_wconf 84' lang='lat' dir='ltr'><strong>qui</strong></span> <span class='ocrx_word' id='word_1_30' title='bbox 731 995 959 1078; x_wconf 88' lang='lat' dir='ltr'><strong>sequiturmodo</strong></span> <span class='ocrx_word' id='word_1_31' title='bbox 965 996 1198 1071; x_wconf 86' lang='lat' dir='ltr'><strong>constituentur,</strong></span> <span class='ocrx_word' id='word_1_32' title='bbox 1209 1005 1366 1075; x_wconf 76' lang='lat' dir='ltr'><strong>regentur,</strong></span> <span class='ocrx_word' id='word_1_33' title='bbox 1379 1004 1410 1057; x_wconf 90' lang='lat' dir='ltr'><strong>et</strong></span> <span class='ocrx_word' id='word_1_34' title='bbox 1418 997 1562 1059; x_wconf 87' lang='lat' dir='ltr'><strong>adminis·</strong></span> 
     </span>
     <span class='ocr_line' id='line_1_6' title="bbox 482 1076 1559 1163; baseline -0.002 -20"><span class='ocrx_word' id='word_1_35' title='bbox 482 1084 651 1143; x_wconf 88' lang='lat' dir='ltr'><strong>trabuntur.</strong></span> <span class='ocrx_word' id='word_1_36' title='bbox 676 1085 717 1143; x_wconf 77' lang='lat' dir='ltr'><strong>dc</strong></span> <span class='ocrx_word' id='word_1_37' title='bbox 731 1082 827 1160; x_wconf 91' lang='lat' dir='ltr'><strong>primo</strong></span> <span class='ocrx_word' id='word_1_38' title='bbox 839 1078 961 1157; x_wconf 89' lang='lat' dir='ltr'><strong>quidem</strong></span> <span class='ocrx_word' id='word_1_39' title='bbox 972 1078 997 1139; x_wconf 89' lang='lat' dir='ltr'><strong>ia</strong></span> <span class='ocrx_word' id='word_1_40' title='bbox 1010 1076 1240 1139; x_wconf 86' lang='lat' dir='ltr'><strong>adolescentium</strong></span> <span class='ocrx_word' id='word_1_41' title='bbox 1252 1092 1394 1163; x_wconf 82' lang='lat' dir='ltr'><strong>numerus</strong></span> <span class='ocrx_word' id='word_1_42' title='bbox 1407 1079 1438 1137; x_wconf 88' lang='lat' dir='ltr'><strong>iu</strong></span> <span class='ocrx_word' id='word_1_43' title='bbox 1449 1078 1559 1141; x_wconf 80' lang='lat' dir='ltr'><strong>iisdem</strong></span> 
     </span>
     <span class='ocr_line' id='line_1_7' title="bbox 481 1158 1560 1241; baseline 0 -18"><span class='ocrx_word' id='word_1_44' title='bbox 481 1165 536 1241; x_wconf 87' lang='lat' dir='ltr'><strong>ali,</strong></span> <span class='ocrx_word' id='word_1_45' title='bbox 556 1163 686 1237; x_wconf 88' lang='lat' dir='ltr'><strong>institui,</strong></span> <span class='ocrx_word' id='word_1_46' title='bbox 704 1170 792 1241; x_wconf 86' lang='lat' dir='ltr'><strong>atque</strong></span> <span class='ocrx_word' id='word_1_47' title='bbox 806 1160 926 1223; x_wconf 85' lang='lat' dir='ltr'><strong>educari</strong></span> <span class='ocrx_word' id='word_1_48' title='bbox 947 1158 1083 1235; x_wconf 78' lang='lat' dir='ltr'>debebit,</span> <span class='ocrx_word' id='word_1_49' title='bbox 1101 1158 1152 1237; x_wconf 87' lang='lat' dir='ltr'><strong>qui</strong></span> <span class='ocrx_word' id='word_1_50' title='bbox 1177 1158 1398 1223; x_wconf 80' lang='lat' dir='ltr'><strong>necessitatibus</strong></span> <span class='ocrx_word' id='word_1_51' title='bbox 1416 1160 1560 1239; x_wconf 78' lang='lat' dir='ltr'><strong>cujusque</strong></span> 
     </span>
    </p>
   </div>
   <div class='ocr_carea' id='block_1_4' title="bbox 481 1236 1671 1323">
    <p class='ocr_par' dir='ltr' id='par_1_4' title="bbox 481 1236 1671 1323">
     <span class='ocr_line' id='line_1_8' title="bbox 481 1236 1671 1323; baseline -0.005 -16"><span class='ocrx_word' id='word_1_52' title='bbox 481 1246 630 1321; x_wconf 81' lang='lat' dir='ltr'><strong>dioecesis,</strong></span> <span class='ocrx_word' id='word_1_53' title='bbox 641 1252 671 1305; x_wconf 90' lang='lat' dir='ltr'><strong>et</strong></span> <span class='ocrx_word' id='word_1_54' title='bbox 681 1244 780 1323; x_wconf 91' lang='lat' dir='ltr'><strong>populi</strong></span> <span class='ocrx_word' id='word_1_55' title='bbox 794 1241 993 1304; x_wconf 73' lang='lat' dir='ltr'><strong>commoditati</strong></span> <span class='ocrx_word' id='word_1_56' title='bbox 1005 1241 1091 1319; x_wconf 86' lang='lat' dir='ltr'><strong>plane</strong></span> <span class='ocrx_word' id='word_1_57' title='bbox 1101 1237 1292 1319; x_wconf 81' lang='lat' dir='ltr'><strong>respondeat,</strong></span> <span class='ocrx_word' id='word_1_58' title='bbox 1307 1236 1418 1319; x_wconf 73' lang='lat' dir='ltr'><strong>quiippe</strong></span> <span class='ocrx_word' id='word_1_59' title='bbox 1428 1240 1466 1302; x_wconf 84' lang='lat' dir='ltr'><strong>ah</strong></span> <span class='ocrx_word' id='word_1_60' title='bbox 1481 1244 1560 1322; x_wconf 89' lang='lat' dir='ltr'><strong>epis·</strong></span> <span class='ocrx_word' id='word_1_61' title='bbox 1670 1298 1671 1301; x_wconf 74' lang='grc'>,</span> 
     </span>
    </p>
   </div>
   <div class='ocr_carea' id='block_1_5' title="bbox 481 1322 1560 1408">
    <p class='ocr_par' dir='ltr' id='par_1_5' title="bbox 481 1322 1560 1408">
     <span class='ocr_line' id='line_1_9' title="bbox 481 1322 1560 1408; baseline -0.005 -19"><span class='ocrx_word' id='word_1_62' title='bbox 481 1347 554 1406; x_wconf 93' lang='lat' dir='ltr'><strong>copo</strong></span> <span class='ocrx_word' id='word_1_63' title='bbox 574 1344 703 1408; x_wconf 74' lang='lat' dir='ltr'><strong>congrue</strong></span> <span class='ocrx_word' id='word_1_64' title='bbox 721 1327 779 1387; x_wconf 90' lang='lat' dir='ltr'><strong>erit</strong></span> <span class='ocrx_word' id='word_1_65' title='bbox 793 1323 990 1385; x_wconf 86' lang='lat' dir='ltr'><strong>definiendus.</strong></span> <span class='ocrx_word' id='word_1_66' title='bbox 1011 1326 1110 1399; x_wconf 87' lang='lat' dir='ltr'><strong>Quum</strong></span> <span class='ocrx_word' id='word_1_67' title='bbox 1136 1340 1205 1383; x_wconf 82' lang='lat' dir='ltr'><strong>vero</strong></span> <span class='ocrx_word' id='word_1_68' title='bbox 1226 1322 1359 1383; x_wconf 84' lang='lat' dir='ltr'><strong>maxime.</strong></span> <span class='ocrx_word' id='word_1_69' title='bbox 1371 1323 1504 1399; x_wconf 82' lang='lat' dir='ltr'><strong>intersit,</strong></span> <span class='ocrx_word' id='word_1_70' title='bbox 1526 1334 1560 1387; x_wconf 90' lang='lat' dir='ltr'><strong>ut</strong></span> 
     </span>
    </p>
   </div>
   <div class='ocr_carea' id='block_1_6' title="bbox 482 1378 1671 1488">
    <p class='ocr_par' dir='ltr' id='par_1_6' title="bbox 482 1378 1671 1488">
     <span class='ocr_line' id='line_1_10' title="bbox 482 1378 1671 1488; baseline -0.003 -17"><span class='ocrx_word' id='word_1_71' title='bbox 482 1410 532 1488; x_wconf 90' lang='lat' dir='ltr'><strong>qui</strong></span> <span class='ocrx_word' id='word_1_72' title='bbox 538 1409 668 1471; x_wconf 74' lang='lat' dir='ltr'><strong>sacrhse</strong></span> <span class='ocrx_word' id='word_1_73' title='bbox 677 1405 1011 1481; x_wconf 85' lang='lat' dir='ltr'><strong>ministeriisaddicunt,</strong></span> <span class='ocrx_word' id='word_1_74' title='bbox 1024 1422 1082 1467; x_wconf 92' lang='lat' dir='ltr'><strong>nou</strong></span> <span class='ocrx_word' id='word_1_75' title='bbox 1091 1404 1186 1465; x_wconf 89' lang='lat' dir='ltr'><strong>solum</strong></span> <span class='ocrx_word' id='word_1_76' title='bbox 1192 1404 1223 1465; x_wconf 93' lang='lat' dir='ltr'><strong>iu</strong></span> <span class='ocrx_word' id='word_1_77' title='bbox 1230 1400 1441 1480; x_wconf 67' lang='lat' dir='ltr'><strong>ecclcsianicis,</strong></span> <span class='ocrx_word' id='word_1_78' title='bbox 1454 1421 1560 1467; x_wconf 81' lang='lat' dir='ltr'><strong>uerum</strong></span> <span class='ocrx_word' id='word_1_79' title='bbox 1670 1378 1671 1471; x_wconf 45' lang='lat' dir='ltr'>J</span> 
     </span>
    </p>
   </div>
   <div class='ocr_carea' id='block_1_7' title="bbox 482 1485 1560 1569">
    <p class='ocr_par' dir='ltr' id='par_1_7' title="bbox 482 1485 1560 1569">
     <span class='ocr_line' id='line_1_11' title="bbox 482 1485 1560 1569; baseline -0.002 -20"><span class='ocrx_word' id='word_1_80' title='bbox 482 1492 571 1551; x_wconf 83' lang='lat' dir='ltr'><strong>ctiam</strong></span> <span class='ocrx_word' id='word_1_81' title='bbox 584 1491 615 1549; x_wconf 93' lang='lat' dir='ltr'><strong>in</strong></span> <span class='ocrx_word' id='word_1_82' title='bbox 629 1488 838 1569; x_wconf 75' lang='lat' dir='ltr'>philosophicis</span> <span class='ocrx_word' id='word_1_83' title='bbox 852 1486 1032 1566; x_wconf 89' lang='lat' dir='ltr'><strong>disciplinis,</strong></span> <span class='ocrx_word' id='word_1_84' title='bbox 1046 1486 1170 1564; x_wconf 86' lang='lat' dir='ltr'><strong>aliisque</strong></span> <span class='ocrx_word' id='word_1_85' title='bbox 1179 1486 1218 1547; x_wconf 84' lang='lat' dir='ltr'><strong>ed</strong></span> <span class='ocrx_word' id='word_1_86' title='bbox 1227 1485 1436 1547; x_wconf 82' lang='lat' dir='ltr'><strong>ecclesiasticos</strong></span> <span class='ocrx_word' id='word_1_87' title='bbox 1449 1487 1560 1548; x_wconf 87' lang='lat' dir='ltr'><strong>condu-</strong></span> 
     </span>
    </p>
   </div>
   <div class='ocr_carea' id='block_1_8' title="bbox 482 1562 1671 1809">
    <p class='ocr_par' dir='ltr' id='par_1_8' title="bbox 482 1562 1671 1809">
     <span class='ocr_line' id='line_1_12' title="bbox 482 1562 1671 1663; baseline -0.003 -30"><span class='ocrx_word' id='word_1_88' title='bbox 482 1572 615 1633; x_wconf 80' lang='lat' dir='ltr'><strong>centibus</strong></span> <span class='ocrx_word' id='word_1_89' title='bbox 626 1574 683 1633; x_wconf 90' lang='lat' dir='ltr'><strong>rite</strong></span> <span class='ocrx_word' id='word_1_90' title='bbox 695 1570 902 1645; x_wconf 86' lang='lat' dir='ltr'><strong>instituuntur,</strong></span> <span class='ocrx_word' id='word_1_91' title='bbox 919 1577 952 1629; x_wconf 90' lang='lat' dir='ltr'><strong>ut</strong></span> <span class='ocrx_word' id='word_1_92' title='bbox 960 1566 1064 1651; x_wconf 80' lang='lat' dir='ltr'><strong>sorano</strong></span> <span class='ocrx_word' id='word_1_93' title='bbox 1073 1567 1174 1662; x_wconf 70' lang='lat' dir='ltr'><strong>qreqie</strong></span> <span class='ocrx_word' id='word_1_94' title='bbox 1181 1565 1315 1662; x_wconf 49' lang='lat' dir='ltr'><strong>[iunget</strong></span> <span class='ocrx_word' id='word_1_95' title='bbox 1327 1584 1444 1663; x_wconf 66' lang='lat' dir='ltr'><strong>semper</strong></span> <span class='ocrx_word' id='word_1_96' title='bbox 1452 1570 1560 1651; x_wconf 85' lang='lat' dir='ltr'><strong>peroti</strong></span> <span class='ocrx_word' id='word_1_97' title='bbox 1670 1562 1671 1571; x_wconf 66' lang='grc'>’</span> 
     </span>
     <span class='ocr_line' id='line_1_13' title="bbox 482 1650 1671 1733; baseline -0.004 -17"><span class='ocrx_word' id='word_1_98' title='bbox 482 1655 545 1716; x_wconf 83' lang='lat' dir='ltr'><strong>aiot</strong></span> <span class='ocrx_word' id='word_1_99' title='bbox 556 1653 703 1715; x_wconf 82' lang='lat' dir='ltr'><strong>rationem</strong></span> <span class='ocrx_word' id='word_1_100' title='bbox 717 1651 838 1715; x_wconf 75' lang='lat' dir='ltr'><strong><em>reddere</em></strong></span> <span class='ocrx_word' id='word_1_101' title='bbox 854 1651 940 1713; x_wconf 85' lang='lat' dir='ltr'><strong>omni</strong></span> <span class='ocrx_word' id='word_1_102' title='bbox 948 1658 1098 1733; x_wconf 77' lang='lat' dir='ltr'><strong>poscenti,-</strong></span> <span class='ocrx_word' id='word_1_103' title='bbox 1113 1650 1222 1711; x_wconf 91' lang='lat' dir='ltr'><strong>idcirco</strong></span> <span class='ocrx_word' id='word_1_104' title='bbox 1240 1666 1368 1729; x_wconf 82' lang='lat' dir='ltr'><strong>episcopi</strong></span> <span class='ocrx_word' id='word_1_105' title='bbox 1386 1668 1418 1709; x_wconf 83' lang='lat' dir='ltr'><strong>in</strong></span> <span class='ocrx_word' id='word_1_106' title='bbox 1436 1652 1559 1711; x_wconf 84' lang='lat' dir='ltr'><strong>semina·</strong></span> <span class='ocrx_word' id='word_1_107' title='bbox 1670 1686 1671 1727; x_wconf 55' lang='lat'>4</span> 
     </span>
     <span class='ocr_line' id='line_1_14' title="bbox 482 1730 1671 1809; baseline -0.003 -14"><span class='ocrx_word' id='word_1_108' title='bbox 482 1736 535 1795; x_wconf 90' lang='lat' dir='ltr'><strong>riis</strong></span> <span class='ocrx_word' id='word_1_109' title='bbox 545 1753 594 1795; x_wconf 84' lang='lat' dir='ltr'><strong>cas</strong></span> <span class='ocrx_word' id='word_1_110' title='bbox 604 1754 706 1797; x_wconf 91' lang='lat' dir='ltr'><strong>omues</strong></span> <span class='ocrx_word' id='word_1_111' title='bbox 718 1734 870 1796; x_wconf 79' lang='lat' dir='ltr'><strong>cathedras</strong></span> <span class='ocrx_word' id='word_1_112' title='bbox 883 1734 1073 1807; x_wconf 88' lang='lat' dir='ltr'><strong>constituent,</strong></span> <span class='ocrx_word' id='word_1_113' title='bbox 1079 1750 1151 1809; x_wconf 88' lang='lat' dir='ltr'><strong>quas</strong></span> <span class='ocrx_word' id='word_1_114' title='bbox 1156 1730 1193 1791; x_wconf 91' lang='lat' dir='ltr'><strong>ad</strong></span> <span class='ocrx_word' id='word_1_115' title='bbox 1202 1731 1377 1809; x_wconf 85' lang='lat' dir='ltr'><strong>completam</strong></span> <span class='ocrx_word' id='word_1_116' title='bbox 1384 1730 1559 1792; x_wconf 91' lang='lat' dir='ltr'><strong>clericorum</strong></span> <span class='ocrx_word' id='word_1_117' title='bbox 1670 1764 1671 1771; x_wconf 22' lang='grc' dir='ltr'><strong>κ</strong></span> 
     </span>
    </p>
   </div>
   <div class='ocr_carea' id='block_1_9' title="bbox 482 1812 1563 2381">
    <p class='ocr_par' dir='ltr' id='par_1_9' title="bbox 482 1812 1561 1893">
     <span class='ocr_line' id='line_1_15' title="bbox 482 1812 1561 1893; baseline -0.004 -16"><span class='ocrx_word' id='word_1_118' title='bbox 482 1835 604 1878; x_wconf 88' lang='lat' dir='ltr'><strong>suorum</strong></span> <span class='ocrx_word' id='word_1_119' title='bbox 615 1818 829 1878; x_wconf 80' lang='lat' dir='ltr'><strong>institutionem</strong></span> <span class='ocrx_word' id='word_1_120' title='bbox 840 1815 1015 1877; x_wconf 85' lang='lat' dir='ltr'><strong>necessarias</strong></span> <span class='ocrx_word' id='word_1_121' title='bbox 1021 1812 1207 1893; x_wconf 85' lang='lat' dir='ltr'><strong>judicabunt.</strong></span> <span class='ocrx_word' id='word_1_122' title='bbox 1219 1814 1368 1877; x_wconf 79' lang='lat' dir='ltr'><strong>Doctrinae</strong></span> <span class='ocrx_word' id='word_1_123' title='bbox 1385 1812 1515 1891; x_wconf 87' lang='lat' dir='ltr'><strong>denique</strong></span> <span class='ocrx_word' id='word_1_124' title='bbox 1526 1833 1561 1874; x_wconf 89' lang='lat' dir='ltr'><strong>ac</strong></span> 
     </span>
    </p>

    <p class='ocr_par' dir='ltr' id='par_1_10' title="bbox 483 1894 1561 1977">
     <span class='ocr_line' id='line_1_16' title="bbox 483 1894 1561 1977; baseline -0.004 -18"><span class='ocrx_word' id='word_1_125' title='bbox 483 1898 646 1977; x_wconf 72' lang='lat' dir='ltr'><strong>discipliuae</strong></span> <span class='ocrx_word' id='word_1_126' title='bbox 664 1899 831 1977; x_wconf 72' lang='lat' dir='ltr'><strong>destitutio,</strong></span> <span class='ocrx_word' id='word_1_127' title='bbox 860 1896 996 1958; x_wconf 85' lang='lat' dir='ltr'><strong>educetio</strong></span> <span class='ocrx_word' id='word_1_128' title='bbox 1025 1903 1056 1959; x_wconf 90' lang='lat' dir='ltr'><strong>ct</strong></span> <span class='ocrx_word' id='word_1_129' title='bbox 1090 1894 1305 1957; x_wconf 76' lang='lat' dir='ltr'><strong>administratio</strong></span> <span class='ocrx_word' id='word_1_130' title='bbox 1332 1894 1561 1957; x_wconf 68' lang='lat' dir='ltr'><strong>nominationum</strong></span> 
     </span>
    </p>

    <p class='ocr_par' dir='ltr' id='par_1_11' title="bbox 483 1976 1560 2059">
     <span class='ocr_line' id='line_1_17' title="bbox 483 1976 1560 2059; baseline -0.001 -20"><span class='ocrx_word' id='word_1_131' title='bbox 483 1979 681 2059; x_wconf 90' lang='lat' dir='ltr'><strong>subjiciuntur</strong></span> <span class='ocrx_word' id='word_1_132' title='bbox 694 1978 859 2043; x_wconf 87' lang='lat' dir='ltr'><strong>auctoritati</strong></span> <span class='ocrx_word' id='word_1_133' title='bbox 875 1980 1079 2057; x_wconf 90' lang='lat' dir='ltr'><strong>episcoporum</strong></span> <span class='ocrx_word' id='word_1_134' title='bbox 1097 1977 1328 2056; x_wconf 85' lang='lat' dir='ltr'><strong>respectivorum</strong></span> <span class='ocrx_word' id='word_1_135' title='bbox 1345 1976 1428 2055; x_wconf 81' lang='lat' dir='ltr'><strong>juxta</strong></span> <span class='ocrx_word' id='word_1_136' title='bbox 1450 1978 1560 2039; x_wconf 87' lang='lat' dir='ltr'><strong>lormas</strong></span> 
     </span>
    </p>

    <p class='ocr_par' dir='ltr' id='par_1_12' title="bbox 484 2059 1561 2139">
     <span class='ocr_line' id='line_1_18' title="bbox 484 2059 1561 2139; baseline -0.003 -18"><span class='ocrx_word' id='word_1_137' title='bbox 484 2062 646 2123; x_wconf 81' lang='lat' dir='ltr'><strong>muouicns.</strong></span> <span class='ocrx_word' id='word_1_138' title='bbox 661 2063 737 2123; x_wconf 90' lang='lat' dir='ltr'><strong>llinc</strong></span> <span class='ocrx_word' id='word_1_139' title='bbox 750 2062 845 2123; x_wconf 89' lang='lat' dir='ltr'><strong>libera</strong></span> <span class='ocrx_word' id='word_1_140' title='bbox 857 2060 915 2122; x_wconf 88' lang='lat' dir='ltr'><strong>erit</strong></span> <span class='ocrx_word' id='word_1_141' title='bbox 928 2060 1070 2139; x_wconf 89' lang='lat' dir='ltr'><strong>episeopis</strong></span> <span class='ocrx_word' id='word_1_142' title='bbox 1084 2065 1148 2121; x_wconf 90' lang='lat' dir='ltr'><strong>tum</strong></span> <span class='ocrx_word' id='word_1_143' title='bbox 1161 2059 1334 2119; x_wconf 83' lang='lat' dir='ltr'><strong>clericorum</strong></span> <span class='ocrx_word' id='word_1_144' title='bbox 1348 2060 1380 2119; x_wconf 88' lang='lat' dir='ltr'><strong>iu</strong></span> <span class='ocrx_word' id='word_1_145' title='bbox 1394 2059 1561 2121; x_wconf 88' lang='lat' dir='ltr'><strong>seminariis</strong></span> 
     </span>
    </p>

    <p class='ocr_par' dir='ltr' id='par_1_13' title="bbox 482 2141 1563 2221">
     <span class='ocr_line' id='line_1_19' title="bbox 482 2141 1563 2221; baseline 0 -20"><span class='ocrx_word' id='word_1_146' title='bbox 482 2143 621 2203; x_wconf 78' lang='lat' dir='ltr'><strong>admissio</strong></span> <span class='ocrx_word' id='word_1_147' title='bbox 633 2151 665 2203; x_wconf 91' lang='lat' dir='ltr'><strong>et</strong></span> <span class='ocrx_word' id='word_1_148' title='bbox 676 2144 715 2204; x_wconf 87' lang='lat' dir='ltr'><strong>ah</strong></span> <span class='ocrx_word' id='word_1_149' title='bbox 727 2144 840 2205; x_wconf 85' lang='lat' dir='ltr'><strong>eisdem</strong></span> <span class='ocrx_word' id='word_1_150' title='bbox 853 2142 1002 2221; x_wconf 83' lang='lat' dir='ltr'><strong>expulsio,</strong></span> <span class='ocrx_word' id='word_1_151' title='bbox 1017 2149 1082 2203; x_wconf 93' lang='lat' dir='ltr'><strong>tum</strong></span> <span class='ocrx_word' id='word_1_152' title='bbox 1097 2141 1185 2203; x_wconf 86' lang='lat' dir='ltr'><strong>etiam</strong></span> <span class='ocrx_word' id='word_1_153' title='bbox 1203 2148 1350 2201; x_wconf 89' lang='lat' dir='ltr'><strong>rectorum</strong></span> <span class='ocrx_word' id='word_1_154' title='bbox 1367 2147 1398 2203; x_wconf 90' lang='lat' dir='ltr'><strong>ct</strong></span> <span class='ocrx_word' id='word_1_155' title='bbox 1413 2141 1563 2219; x_wconf 76' lang='lat' dir='ltr'><strong>professo-</strong></span> 
     </span>
    </p>

    <p class='ocr_par' dir='ltr' id='par_1_14' title="bbox 485 2222 1562 2381">
     <span class='ocr_line' id='line_1_20' title="bbox 485 2222 1562 2364; baseline -0.001 -80"><span class='ocrx_word' id='word_1_156' title='bbox 485 2242 552 2364; x_wconf 54' lang='lat' dir='ltr'><strong>Eum</strong></span> <span class='ocrx_word' id='word_1_157' title='bbox 566 2224 683 2302; x_wconf 88' lang='lat' dir='ltr'><strong>electio,</strong></span> <span class='ocrx_word' id='word_1_158' title='bbox 703 2242 878 2305; x_wconf 86' lang='lat' dir='ltr'><strong>eorumque,</strong></span> <span class='ocrx_word' id='word_1_159' title='bbox 894 2224 1010 2303; x_wconf 87' lang='lat' dir='ltr'><strong>quoties</strong></span> <span class='ocrx_word' id='word_1_160' title='bbox 1025 2224 1057 2285; x_wconf 94' lang='lat' dir='ltr'><strong>id</strong></span> <span class='ocrx_word' id='word_1_161' title='bbox 1070 2223 1282 2301; x_wconf 83' lang='lat' dir='ltr'><strong>necessarium,</strong></span> <span class='ocrx_word' id='word_1_162' title='bbox 1297 2230 1349 2285; x_wconf 89' lang='lat' dir='ltr'><strong>aut</strong></span> <span class='ocrx_word' id='word_1_163' title='bbox 1359 2222 1432 2283; x_wconf 85' lang='lat' dir='ltr'><strong>utile</strong></span> <span class='ocrx_word' id='word_1_164' title='bbox 1443 2222 1562 2301; x_wconf 78' lang='lat' dir='ltr'><strong>judice·</strong></span> 
     </span>
     <span class='ocr_line' id='line_1_21' title="bbox 506 2308 1273 2381; baseline 0 -16"><span class='ocrx_word' id='word_1_165' title='bbox 506 2313 571 2381; x_wconf 89' lang='lat' dir='ltr'><strong>unt,</strong></span> <span class='ocrx_word' id='word_1_166' title='bbox 584 2308 719 2367; x_wconf 83' lang='lat' dir='ltr'><strong>remotio.</strong></span> <span class='ocrx_word' id='word_1_167' title='bbox 1269 2339 1273 2347; x_wconf 92' lang='lat'>·</span> 
     </span>
    </p>
   </div>
   <div class='ocr_carea' id='block_1_10' title="bbox 524 2383 1557 2466">
    <p class='ocr_par' dir='ltr' id='par_1_15' title="bbox 524 2368 1671 2466">
     <span class='ocr_line' id='line_1_22' title="bbox 524 2383 1557 2466; baseline -0.003 -19"><span class='ocrx_word' id='word_1_168' title='bbox 524 2389 596 2461; x_wconf 82' lang='lat' dir='ltr'><strong>Quae</strong></span> <span class='ocrx_word' id='word_1_169' title='bbox 609 2396 708 2449; x_wconf 86' lang='lat' dir='ltr'><strong>nutem</strong></span> <span class='ocrx_word' id='word_1_170' title='bbox 724 2388 883 2449; x_wconf 85' lang='lat' dir='ltr'><strong>necessaria</strong></span> <span class='ocrx_word' id='word_1_171' title='bbox 898 2395 967 2448; x_wconf 88' lang='lat' dir='ltr'><strong>sunt</strong></span> <span class='ocrx_word' id='word_1_172' title='bbox 979 2404 1035 2466; x_wconf 88' lang='lat' dir='ltr'><strong>pro</strong></span> <span class='ocrx_word' id='word_1_173' title='bbox 1050 2387 1096 2449; x_wconf 90' lang='lat' dir='ltr'><strong>his</strong></span> <span class='ocrx_word' id='word_1_174' title='bbox 1110 2387 1274 2449; x_wconf 86' lang='lat' dir='ltr'><strong>seminariis</strong></span> <span class='ocrx_word' id='word_1_175' title='bbox 1295 2386 1340 2447; x_wconf 87' lang='lat' dir='ltr'><strong>vel</strong></span> <span class='ocrx_word' id='word_1_176' title='bbox 1356 2383 1557 2461; x_wconf 82' lang='lat' dir='ltr'><strong>instituendis,</strong></span> 
     </span>
    </p>
   </div>
   <div class='ocr_carea' id='block_1_11' title="bbox 484 2466 1561 2549">
    <p class='ocr_par' dir='ltr' id='par_1_16' title="bbox 484 2466 1561 2549">
     <span class='ocr_line' id='line_1_23' title="bbox 484 2466 1561 2549; baseline 0.004 -26"><span class='ocrx_word' id='word_1_177' title='bbox 484 2466 529 2525; x_wconf 78' lang='lat' dir='ltr'><strong>ael</strong></span> <span class='ocrx_word' id='word_1_178' title='bbox 543 2468 765 2543; x_wconf 77' lang='lat' dir='ltr'><strong>conservandis,</strong></span> <span class='ocrx_word' id='word_1_179' title='bbox 778 2487 813 2529; x_wconf 84' lang='lat' dir='ltr'><strong>ea</strong></span> <span class='ocrx_word' id='word_1_180' title='bbox 823 2469 985 2529; x_wconf 87' lang='lat' dir='ltr'><strong>liberaliter</strong></span> <span class='ocrx_word' id='word_1_181' title='bbox 998 2488 1015 2527; x_wconf 89' lang='lat' dir='ltr'><strong>a</strong></span> <span class='ocrx_word' id='word_1_182' title='bbox 1027 2469 1220 2529; x_wconf 86' lang='lat' dir='ltr'><strong>serenissimo</strong></span> <span class='ocrx_word' id='word_1_183' title='bbox 1234 2472 1313 2549; x_wconf 68' lang='lat' dir='ltr'><strong>nege</strong></span> <span class='ocrx_word' id='word_1_184' title='bbox 1325 2467 1561 2546; x_wconf 88' lang='lat' dir='ltr'><strong>suppeditabun-</strong></span> 
     </span>
    </p>
   </div>
   <div class='ocr_carea' id='block_1_12' title="bbox 484 2548 1671 2715">
    <p class='ocr_par' dir='ltr' id='par_1_17' title="bbox 484 2548 1671 2715">
     <span class='ocr_line' id='line_1_24' title="bbox 484 2548 1671 2630; baseline 0.005 -27"><span class='ocrx_word' id='word_1_185' title='bbox 484 2554 545 2622; x_wconf 88' lang='lat' dir='ltr'><strong>tur,</strong></span> <span class='ocrx_word' id='word_1_186' title='bbox 560 2549 614 2624; x_wconf 87' lang='lat' dir='ltr'><strong>qui</strong></span> <span class='ocrx_word' id='word_1_187' title='bbox 626 2548 805 2629; x_wconf 74' lang='lat' dir='ltr'><strong>magnanimi</strong></span> <span class='ocrx_word' id='word_1_188' title='bbox 819 2549 961 2627; x_wconf 88' lang='lat' dir='ltr'><strong>principis</strong></span> <span class='ocrx_word' id='word_1_189' title='bbox 977 2549 1110 2611; x_wconf 86' lang='lat' dir='ltr'><strong>animum</strong></span> <span class='ocrx_word' id='word_1_190' title='bbox 1125 2550 1282 2611; x_wconf 86' lang='lat' dir='ltr'><strong>ostendens</strong></span> <span class='ocrx_word' id='word_1_191' title='bbox 1298 2567 1428 2630; x_wconf 74' lang='lat' dir='ltr'><strong>congrue</strong></span> <span class='ocrx_word' id='word_1_192' title='bbox 1445 2566 1477 2609; x_wconf 89' lang='lat' dir='ltr'><strong>sc</strong></span> <span class='ocrx_word' id='word_1_193' title='bbox 1491 2565 1560 2627; x_wconf 88' lang='lat' dir='ltr'><strong>prn-</strong></span> <span class='ocrx_word' id='word_1_194' title='bbox 1670 2602 1671 2623; x_wconf 63' lang='lat'><strong>,</strong></span> 
     </span>
     <span class='ocr_line' id='line_1_25' title="bbox 484 2627 1671 2715; baseline 0.005 -29"><span class='ocrx_word' id='word_1_195' title='bbox 484 2627 585 2688; x_wconf 85' lang='lat' dir='ltr'><strong>videre</strong></span> <span class='ocrx_word' id='word_1_196' title='bbox 608 2629 684 2690; x_wconf 85' lang='lat' dir='ltr'><strong>velle</strong></span> <span class='ocrx_word' id='word_1_197' title='bbox 700 2629 737 2689; x_wconf 87' lang='lat' dir='ltr'><strong>iis</strong></span> <span class='ocrx_word' id='word_1_198' title='bbox 753 2630 908 2706; x_wconf 88' lang='lat' dir='ltr'><strong>omnihus,</strong></span> <span class='ocrx_word' id='word_1_199' title='bbox 934 2649 1000 2709; x_wconf 88' lang='lat' dir='ltr'><strong>quae</strong></span> <span class='ocrx_word' id='word_1_200' title='bbox 1025 2631 1064 2692; x_wconf 87' lang='lat' dir='ltr'><strong>ad</strong></span> <span class='ocrx_word' id='word_1_201' title='bbox 1088 2632 1309 2693; x_wconf 74' lang='lat' dir='ltr'><strong>ecclesiasticam</strong></span> <span class='ocrx_word' id='word_1_202' title='bbox 1336 2631 1561 2693; x_wconf 82' lang='lat' dir='ltr'><strong>instructionem</strong></span> <span class='ocrx_word' id='word_1_203' title='bbox 1670 2636 1671 2715; x_wconf 31' lang='grc' dir='ltr'>ζ</span> 
     </span>
    </p>
   </div>
   <div class='ocr_carea' id='block_1_13' title="bbox 484 2710 1561 3035">
    <p class='ocr_par' dir='ltr' id='par_1_18' title="bbox 484 2710 1561 2872">
     <span class='ocr_line' id='line_1_26' title="bbox 484 2710 1561 2793; baseline 0.001 -24"><span class='ocrx_word' id='word_1_204' title='bbox 484 2710 644 2771; x_wconf 79' lang='lat' dir='ltr'><strong>necessaria</strong></span> <span class='ocrx_word' id='word_1_205' title='bbox 661 2720 746 2781; x_wconf 86' lang='lat' dir='ltr'><strong>sunt,</strong></span> <span class='ocrx_word' id='word_1_206' title='bbox 761 2720 849 2789; x_wconf 84' lang='lat' dir='ltr'><strong>atque</strong></span> <span class='ocrx_word' id='word_1_207' title='bbox 864 2729 900 2771; x_wconf 91' lang='lat' dir='ltr'><strong>eo</strong></span> <span class='ocrx_word' id='word_1_208' title='bbox 914 2712 1012 2787; x_wconf 91' lang='lat' dir='ltr'><strong>modo,</strong></span> <span class='ocrx_word' id='word_1_209' title='bbox 1027 2712 1077 2790; x_wconf 85' lang='lat' dir='ltr'><strong>qui</strong></span> <span class='ocrx_word' id='word_1_210' title='bbox 1094 2713 1177 2773; x_wconf 90' lang='lat' dir='ltr'><strong>nohis</strong></span> <span class='ocrx_word' id='word_1_211' title='bbox 1192 2714 1231 2773; x_wconf 88' lang='lat' dir='ltr'><strong>sit</strong></span> <span class='ocrx_word' id='word_1_212' title='bbox 1244 2721 1344 2793; x_wconf 78' lang='lat' dir='ltr'><strong>gratus</strong></span> <span class='ocrx_word' id='word_1_213' title='bbox 1359 2730 1414 2792; x_wconf 84' lang='lat' dir='ltr'><strong>per</strong></span> <span class='ocrx_word' id='word_1_214' title='bbox 1425 2720 1561 2772; x_wconf 83' lang='lat' dir='ltr'><strong>extraor—</strong></span> 
     </span>
     <span class='ocr_line' id='line_1_27' title="bbox 485 2789 1271 2872; baseline 0.006 -23"><span class='ocrx_word' id='word_1_215' title='bbox 485 2789 633 2852; x_wconf 84' lang='lat' dir='ltr'><strong>dinarium</strong></span> <span class='ocrx_word' id='word_1_216' title='bbox 643 2810 730 2854; x_wconf 87' lang='lat' dir='ltr'><strong>suum</strong></span> <span class='ocrx_word' id='word_1_217' title='bbox 740 2791 821 2872; x_wconf 90' lang='lat' dir='ltr'><strong>apud</strong></span> <span class='ocrx_word' id='word_1_218' title='bbox 834 2810 888 2852; x_wconf 88' lang='lat' dir='ltr'><strong>nos</strong></span> <span class='ocrx_word' id='word_1_219' title='bbox 898 2800 1043 2854; x_wconf 84' lang='lat' dir='ltr'><strong>oratorem</strong></span> <span class='ocrx_word' id='word_1_220' title='bbox 1056 2793 1203 2870; x_wconf 78' lang='lat' dir='ltr'><strong>professus</strong></span> <span class='ocrx_word' id='word_1_221' title='bbox 1215 2803 1271 2855; x_wconf 89' lang='lat' dir='ltr'><strong>est.</strong></span> 
     </span>
    </p>

    <p class='ocr_par' dir='ltr' id='par_1_19' title="bbox 484 2874 1559 3035">
     <span class='ocr_line' id='line_1_28' title="bbox 525 2874 1558 2954; baseline 0 -20"><span class='ocrx_word' id='word_1_222' title='bbox 525 2874 660 2952; x_wconf 85' lang='lat' dir='ltr'><strong>Denique</strong></span> <span class='ocrx_word' id='word_1_223' title='bbox 672 2874 908 2950; x_wconf 79' lang='lat' dir='ltr'><strong>dimcosihus,.ut</strong></span> <span class='ocrx_word' id='word_1_224' title='bbox 915 2874 976 2952; x_wconf 89' lang='lat' dir='ltr'><strong>jam</strong></span> <span class='ocrx_word' id='word_1_225' title='bbox 987 2891 1075 2952; x_wconf 88' lang='lat' dir='ltr'><strong>supra</strong></span> <span class='ocrx_word' id='word_1_226' title='bbox 1090 2876 1294 2954; x_wconf 73' lang='lat' dir='ltr'><strong>prescriptum</strong></span> <span class='ocrx_word' id='word_1_227' title='bbox 1308 2883 1366 2951; x_wconf 88' lang='lat' dir='ltr'><strong>est,</strong></span> <span class='ocrx_word' id='word_1_228' title='bbox 1379 2883 1407 2935; x_wconf 93' lang='lat' dir='ltr'><strong>et</strong></span> <span class='ocrx_word' id='word_1_229' title='bbox 1417 2893 1486 2936; x_wconf 86' lang='lat' dir='ltr'><strong>mox</strong></span> <span class='ocrx_word' id='word_1_230' title='bbox 1502 2894 1558 2953; x_wconf 89' lang='lat' dir='ltr'><strong>pcr</strong></span> 
     </span>
     <span class='ocr_line' id='line_1_29' title="bbox 484 2954 1559 3035; baseline 0.004 -23"><span class='ocrx_word' id='word_1_231' title='bbox 484 2954 555 3015; x_wconf 85' lang='lat' dir='ltr'><strong>alias</strong></span> <span class='ocrx_word' id='word_1_232' title='bbox 566 2957 736 3033; x_wconf 89' lang='lat' dir='ltr'><strong>apostolicas</strong></span> <span class='ocrx_word' id='word_1_233' title='bbox 751 2956 862 3016; x_wconf 83' lang='lat' dir='ltr'><strong>litteras</strong></span> <span class='ocrx_word' id='word_1_234' title='bbox 876 2955 984 3016; x_wconf 87' lang='lat' dir='ltr'><strong>clarius</strong></span> <span class='ocrx_word' id='word_1_235' title='bbox 997 2975 1014 3014; x_wconf 88' lang='lat' dir='ltr'><strong>a</strong></span> <span class='ocrx_word' id='word_1_236' title='bbox 1029 2955 1113 3016; x_wconf 85' lang='lat' dir='ltr'><strong>nohis</strong></span> <span class='ocrx_word' id='word_1_237' title='bbox 1132 2957 1354 3035; x_wconf 82' lang='lat' dir='ltr'><strong>praescribetur,</strong></span> <span class='ocrx_word' id='word_1_238' title='bbox 1375 2956 1559 3030; x_wconf 88' lang='lat' dir='ltr'><strong>constitutis,</strong></span> 
     </span>
    </p>
   </div>
   <div class='ocr_carea' id='block_1_14' title="bbox 484 3036 1557 3114">
    <p class='ocr_par' dir='ltr' id='par_1_20' title="bbox 484 3021 1671 3114">
     <span class='ocr_line' id='line_1_30' title="bbox 484 3036 1557 3114; baseline 0.004 -19"><span class='ocrx_word' id='word_1_239' title='bbox 484 3036 610 3114; x_wconf 89' lang='lat' dir='ltr'><strong>episcopi</strong></span> <span class='ocrx_word' id='word_1_240' title='bbox 617 3037 701 3113; x_wconf 82' lang='lat' dir='ltr'><strong>juxta</strong></span> <span class='ocrx_word' id='word_1_241' title='bbox 716 3056 765 3114; x_wconf 90' lang='lat' dir='ltr'><strong>ea,</strong></span> <span class='ocrx_word' id='word_1_242' title='bbox 781 3055 848 3114; x_wconf 81' lang='lat' dir='ltr'><strong>quae</strong></span> <span class='ocrx_word' id='word_1_243' title='bbox 863 3037 895 3096; x_wconf 93' lang='lat' dir='ltr'><strong>iu</strong></span> <span class='ocrx_word' id='word_1_244' title='bbox 909 3037 1031 3098; x_wconf 87' lang='lat' dir='ltr'><strong>articulo</strong></span> <span class='ocrx_word' id='word_1_245' title='bbox 1047 3040 1089 3098; x_wconf 86' lang='lat' dir='ltr'><strong>lx</strong></span> <span class='ocrx_word' id='word_1_246' title='bbox 1101 3043 1169 3102; x_wconf 88' lang='lat' dir='ltr'><strong>etX</strong></span> <span class='ocrx_word' id='word_1_247' title='bbox 1184 3037 1464 3100; x_wconf 85' lang='lat' dir='ltr'><strong>conventioniseuni</strong></span> <span class='ocrx_word' id='word_1_248' title='bbox 1480 3039 1557 3100; x_wconf 79' lang='lat' dir='ltr'><strong>leot</strong></span> 
     </span>
    </p>
   </div>
   <div class='ocr_carea' id='block_1_15' title="bbox 484 3117 1561 3200">
    <p class='ocr_par' dir='ltr' id='par_1_21' title="bbox 484 3117 1561 3200">
     <span class='ocr_line' id='line_1_31' title="bbox 484 3117 1561 3200; baseline 0.004 -24"><span class='ocrx_word' id='word_1_249' title='bbox 484 3119 686 3195; x_wconf 87' lang='lat' dir='ltr'><strong>continentur,</strong></span> <span class='ocrx_word' id='word_1_250' title='bbox 702 3119 741 3178; x_wconf 89' lang='lat' dir='ltr'><strong>ad</strong></span> <span class='ocrx_word' id='word_1_251' title='bbox 754 3137 873 3195; x_wconf 81' lang='lat' dir='ltr'><strong>novam,</strong></span> <span class='ocrx_word' id='word_1_252' title='bbox 887 3117 938 3178; x_wconf 93' lang='lat' dir='ltr'><strong>uhi</strong></span> <span class='ocrx_word' id='word_1_253' title='bbox 953 3137 1025 3197; x_wconf 91' lang='lat' dir='ltr'><strong>opus</strong></span> <span class='ocrx_word' id='word_1_254' title='bbox 1040 3120 1143 3197; x_wconf 85' lang='lat' dir='ltr'><strong>luerit,</strong></span> <span class='ocrx_word' id='word_1_255' title='bbox 1158 3121 1350 3198; x_wconf 70' lang='lat' dir='ltr'><strong>paroeciarum</strong></span> <span class='ocrx_word' id='word_1_256' title='bbox 1360 3120 1561 3200; x_wconf 86' lang='lat' dir='ltr'><strong>circumscrip-</strong></span> 
     </span>
    </p>
   </div>
   <div class='ocr_carea' id='block_1_16' title="bbox 483 3197 1671 3282">
    <p class='ocr_par' dir='ltr' id='par_1_22' title="bbox 483 3197 1671 3282">
     <span class='ocr_line' id='line_1_32' title="bbox 483 3197 1671 3282; baseline 0.005 -26"><span class='ocrx_word' id='word_1_257' title='bbox 483 3197 594 3259; x_wconf 86' lang='lat' dir='ltr'><strong>tionem</strong></span> <span class='ocrx_word' id='word_1_258' title='bbox 613 3199 788 3277; x_wconf 87' lang='lat' dir='ltr'><strong>procedent,</strong></span> <span class='ocrx_word' id='word_1_259' title='bbox 813 3208 902 3277; x_wconf 86' lang='lat' dir='ltr'><strong>etque</strong></span> <span class='ocrx_word' id='word_1_260' title='bbox 919 3199 956 3259; x_wconf 85' lang='lat' dir='ltr'><strong>ad</strong></span> <span class='ocrx_word' id='word_1_261' title='bbox 980 3201 1119 3277; x_wconf 76' lang='lat' dir='ltr'><strong>parocias</strong></span> <span class='ocrx_word' id='word_1_262' title='bbox 1145 3203 1249 3282; x_wconf 79' lang='lat' dir='ltr'><strong>dignos</strong></span> <span class='ocrx_word' id='word_1_263' title='bbox 1272 3201 1359 3278; x_wconf 90' lang='lat' dir='ltr'><strong>plane</strong></span> <span class='ocrx_word' id='word_1_264' title='bbox 1382 3221 1415 3261; x_wconf 89' lang='lat' dir='ltr'><strong>ac</strong></span> <span class='ocrx_word' id='word_1_265' title='bbox 1440 3202 1561 3263; x_wconf 89' lang='lat' dir='ltr'><strong>idoneos</strong></span> <span class='ocrx_word' id='word_1_266' title='bbox 1670 3239 1671 3252; x_wconf 23' lang='grc' dir='ltr'>ἢ</span> 
     </span>
    </p>
   </div>
   <div class='ocr_carea' id='block_1_17' title="bbox 484 3279 1561 3362">
    <p class='ocr_par' dir='ltr' id='par_1_23' title="bbox 484 3279 1561 3362">
     <span class='ocr_line' id='line_1_33' title="bbox 484 3279 1561 3362; baseline 0.005 -24"><span class='ocrx_word' id='word_1_267' title='bbox 484 3279 689 3342; x_wconf 88' lang='lat' dir='ltr'><strong>ecclesiasticos</strong></span> <span class='ocrx_word' id='word_1_268' title='bbox 702 3283 781 3343; x_wconf 85' lang='lat' dir='ltr'><strong>viros</strong></span> <span class='ocrx_word' id='word_1_269' title='bbox 793 3282 913 3362; x_wconf 77' lang='lat' dir='ltr'><strong>eligent.</strong></span> <span class='ocrx_word' id='word_1_270' title='bbox 930 3281 1139 3342; x_wconf 77' lang='lat' dir='ltr'><strong>serenissimus</strong></span> <span class='ocrx_word' id='word_1_271' title='bbox 1152 3291 1251 3344; x_wconf 87' lang='lat' dir='ltr'><strong>autem</strong></span> <span class='ocrx_word' id='word_1_272' title='bbox 1262 3287 1324 3345; x_wconf 76' lang='lat' dir='ltr'><strong>lieu</strong></span> <span class='ocrx_word' id='word_1_273' title='bbox 1332 3284 1417 3362; x_wconf 80' lang='lat' dir='ltr'><strong>juxta</strong></span> <span class='ocrx_word' id='word_1_274' title='bbox 1429 3301 1478 3359; x_wconf 88' lang='lat' dir='ltr'><strong>ea,</strong></span> <span class='ocrx_word' id='word_1_275' title='bbox 1494 3303 1561 3362; x_wconf 83' lang='lat' dir='ltr'><strong>quae</strong></span> 
     </span>
    </p>
   </div>
   <div class='ocr_carea' id='block_1_18' title="bbox 484 3359 1671 3442">
    <p class='ocr_par' dir='ltr' id='par_1_24' title="bbox 484 3359 1671 3442">
     <span class='ocr_line' id='line_1_34' title="bbox 484 3359 1671 3442; baseline 0.007 -24"><span class='ocrx_word' id='word_1_276' title='bbox 484 3359 516 3418; x_wconf 94' lang='lat' dir='ltr'><strong>in</strong></span> <span class='ocrx_word' id='word_1_277' title='bbox 535 3363 659 3423; x_wconf 87' lang='lat' dir='ltr'><strong>articulo</strong></span> <span class='ocrx_word' id='word_1_278' title='bbox 681 3367 751 3426; x_wconf 86' lang='lat' dir='ltr'><strong>lllv</strong></span> <span class='ocrx_word' id='word_1_279' title='bbox 769 3362 902 3440; x_wconf 90' lang='lat' dir='ltr'><strong>ejusdem</strong></span> <span class='ocrx_word' id='word_1_280' title='bbox 923 3364 1123 3424; x_wconf 83' lang='lat' dir='ltr'><strong>conventionis</strong></span> <span class='ocrx_word' id='word_1_281' title='bbox 1141 3363 1262 3425; x_wconf 80' lang='lat' dir='ltr'><strong>fuerunt</strong></span> <span class='ocrx_word' id='word_1_282' title='bbox 1281 3371 1405 3442; x_wconf 88' lang='lat' dir='ltr'><strong>statuta,</strong></span> <span class='ocrx_word' id='word_1_283' title='bbox 1424 3364 1561 3426; x_wconf 90' lang='lat' dir='ltr'><strong>omnium</strong></span> <span class='ocrx_word' id='word_1_284' title='bbox 1670 3415 1671 3440; x_wconf 56' lang='lat'><strong>,</strong></span> 
     </span>
    </p>
   </div>
   <div class='ocr_carea' id='block_1_19' title="bbox 483 3442 1562 4092">
    <p class='ocr_par' dir='ltr' id='par_1_25' title="bbox 483 3442 1561 3824">
     <span class='ocr_line' id='line_1_35' title="bbox 483 3442 1560 3525; baseline 0.005 -24"><span class='ocrx_word' id='word_1_285' title='bbox 483 3442 688 3519; x_wconf 85' lang='lat' dir='ltr'><strong>parochorum,</strong></span> <span class='ocrx_word' id='word_1_286' title='bbox 701 3464 775 3523; x_wconf 87' lang='lat' dir='ltr'><strong>quos</strong></span> <span class='ocrx_word' id='word_1_287' title='bbox 785 3445 874 3506; x_wconf 89' lang='lat' dir='ltr'><strong>etiam</strong></span> <span class='ocrx_word' id='word_1_288' title='bbox 886 3443 926 3505; x_wconf 93' lang='lat' dir='ltr'><strong>ob</strong></span> <span class='ocrx_word' id='word_1_289' title='bbox 937 3461 1041 3506; x_wconf 84' lang='lat' dir='ltr'><strong>novam</strong></span> <span class='ocrx_word' id='word_1_290' title='bbox 1053 3447 1245 3523; x_wconf 79' lang='lat' dir='ltr'><strong>parmoiarum</strong></span> <span class='ocrx_word' id='word_1_291' title='bbox 1259 3448 1560 3525; x_wconf 86' lang='lat' dir='ltr'><strong>circumscriptionem</strong></span> 
     </span>
     <span class='ocr_line' id='line_1_36' title="bbox 484 3526 1561 3606; baseline 0.011 -29"><span class='ocrx_word' id='word_1_292' title='bbox 484 3539 583 3582; x_wconf 86' lang='lat' dir='ltr'><strong>creare</strong></span> <span class='ocrx_word' id='word_1_293' title='bbox 592 3526 763 3606; x_wconf 78' lang='lat' dir='ltr'><strong>contigerit,</strong></span> <span class='ocrx_word' id='word_1_294' title='bbox 772 3526 991 3600; x_wconf 88' lang='lat' dir='ltr'><strong>sustentationi,</strong></span> <span class='ocrx_word' id='word_1_295' title='bbox 1006 3544 1072 3604; x_wconf 84' lang='lat' dir='ltr'><strong>quae</strong></span> <span class='ocrx_word' id='word_1_296' title='bbox 1082 3527 1222 3606; x_wconf 89' lang='lat' dir='ltr'><strong>cujusque</strong></span> <span class='ocrx_word' id='word_1_297' title='bbox 1233 3535 1342 3588; x_wconf 89' lang='lat' dir='ltr'><strong>statum</strong></span> <span class='ocrx_word' id='word_1_298' title='bbox 1354 3527 1474 3606; x_wconf 82' lang='lat' dir='ltr'><strong>deceat,</strong></span> <span class='ocrx_word' id='word_1_299' title='bbox 1484 3547 1561 3606; x_wconf 67' lang='lat' dir='ltr'><strong>qum⁴</strong></span> 
     </span>
     <span class='ocr_line' id='line_1_37' title="bbox 483 3605 1558 3689; baseline 0.007 -29"><span class='ocrx_word' id='word_1_300' title='bbox 483 3617 541 3677; x_wconf 89' lang='lat' dir='ltr'><strong>que</strong></span> <span class='ocrx_word' id='word_1_301' title='bbox 553 3621 606 3679; x_wconf 88' lang='lat' dir='ltr'><strong>par</strong></span> <span class='ocrx_word' id='word_1_302' title='bbox 623 3605 662 3665; x_wconf 91' lang='lat' dir='ltr'><strong>sit</strong></span> <span class='ocrx_word' id='word_1_303' title='bbox 674 3607 734 3682; x_wconf 93' lang='lat' dir='ltr'><strong>illi,</strong></span> <span class='ocrx_word' id='word_1_304' title='bbox 757 3627 814 3686; x_wconf 89' lang='lat' dir='ltr'><strong>qua</strong></span> <span class='ocrx_word' id='word_1_305' title='bbox 828 3606 948 3685; x_wconf 82' lang='lat' dir='ltr'><strong>parochi</strong></span> <span class='ocrx_word' id='word_1_306' title='bbox 970 3607 1139 3668; x_wconf 71' lang='lat' dir='ltr'><strong>dioecesium</strong></span> <span class='ocrx_word' id='word_1_307' title='bbox 1154 3611 1184 3670; x_wconf 90' lang='lat' dir='ltr'><strong>in</strong></span> <span class='ocrx_word' id='word_1_308' title='bbox 1211 3609 1453 3672; x_wconf 87' lang='lat' dir='ltr'><strong>meridionalihus</strong></span> <span class='ocrx_word' id='word_1_309' title='bbox 1473 3611 1558 3689; x_wconf 79' lang='lat' dir='ltr'><strong>regui</strong></span> 
     </span>
     <span class='ocr_line' id='line_1_38' title="bbox 484 3683 1560 3824; baseline 0.01 -81"><span class='ocrx_word' id='word_1_310' title='bbox 484 3683 591 3824; x_wconf 46' lang='lat' dir='ltr'><strong>Begglipi</strong></span> <span class='ocrx_word' id='word_1_311' title='bbox 612 3688 770 3763; x_wconf 82' lang='lat' dir='ltr'><strong>provinciis</strong></span> <span class='ocrx_word' id='word_1_312' title='bbox 798 3690 955 3765; x_wconf 78' lang='lat' dir='ltr'><strong>fruuntur,</strong></span> <span class='ocrx_word' id='word_1_313' title='bbox 983 3707 1037 3768; x_wconf 91' lang='lat' dir='ltr'><strong>pro</strong></span> <span class='ocrx_word' id='word_1_314' title='bbox 1061 3691 1152 3770; x_wconf 72' lang='lat' dir='ltr'><strong>regali</strong></span> <span class='ocrx_word' id='word_1_315' title='bbox 1179 3710 1230 3752; x_wconf 86' lang='lat' dir='ltr'><strong>sua</strong></span> <span class='ocrx_word' id='word_1_316' title='bbox 1254 3691 1459 3753; x_wconf 84' lang='lat' dir='ltr'><strong>munificentia</strong></span> <span class='ocrx_word' id='word_1_317' title='bbox 1495 3709 1560 3770; x_wconf 81' lang='lat' dir='ltr'><strong>pro</strong></span> 
     </span>
     <span class='ocr_line' id='line_1_39' title="bbox 485 3773 607 3824; baseline 0.025 -3"><span class='ocrx_word' id='word_1_318' title='bbox 485 3781 513 3824; x_wconf 80' lang='lat' dir='ltr'><strong>vi</strong></span> <span class='ocrx_word' id='word_1_319' title='bbox 536 3781 553 3824; x_wconf 90' lang='lat' dir='ltr'><strong>e</strong></span> <span class='ocrx_word' id='word_1_320' title='bbox 573 3773 607 3824; x_wconf 84' lang='lat' dir='ltr'><strong>at.</strong></span> 
     </span>
    </p>

    <p class='ocr_par' dir='ltr' id='par_1_26' title="bbox 483 3852 1562 4092">
     <span class='ocr_line' id='line_1_40' title="bbox 523 3852 1556 3934; baseline 0.002 -22"><span class='ocrx_word' id='word_1_321' title='bbox 523 3853 557 3912; x_wconf 92' lang='lat' dir='ltr'><strong>ln</strong></span> <span class='ocrx_word' id='word_1_322' title='bbox 570 3866 653 3928; x_wconf 88' lang='lat' dir='ltr'><strong>apem</strong></span> <span class='ocrx_word' id='word_1_323' title='bbox 665 3857 764 3912; x_wconf 87' lang='lat' dir='ltr'><strong>autem</strong></span> <span class='ocrx_word' id='word_1_324' title='bbox 776 3853 921 3934; x_wconf 79' lang='lat' dir='ltr'><strong>erigimur</strong></span> <span class='ocrx_word' id='word_1_325' title='bbox 934 3852 998 3912; x_wconf 87' lang='lat' dir='ltr'><strong>lore</strong></span> <span class='ocrx_word' id='word_1_326' title='bbox 1007 3859 1042 3913; x_wconf 92' lang='lat' dir='ltr'><strong>ut</strong></span> <span class='ocrx_word' id='word_1_327' title='bbox 1055 3853 1133 3914; x_wconf 88' lang='lat' dir='ltr'><strong>inter</strong></span> <span class='ocrx_word' id='word_1_328' title='bbox 1144 3853 1265 3914; x_wconf 87' lang='lat' dir='ltr'><strong>istarum</strong></span> <span class='ocrx_word' id='word_1_329' title='bbox 1276 3854 1432 3933; x_wconf 76' lang='lat' dir='ltr'><strong>regionum</strong></span> <span class='ocrx_word' id='word_1_330' title='bbox 1453 3853 1556 3914; x_wconf 83' lang='lat' dir='ltr'><strong>catho-</strong></span> 
     </span>
     <span class='ocr_line' id='line_1_41' title="bbox 484 3929 1562 4014; baseline 0.002 -22"><span class='ocrx_word' id='word_1_331' title='bbox 484 3933 554 3994; x_wconf 90' lang='lat' dir='ltr'><strong>licos</strong></span> <span class='ocrx_word' id='word_1_332' title='bbox 565 3929 769 4010; x_wconf 87' lang='lat' dir='ltr'><strong>inveniantur,</strong></span> <span class='ocrx_word' id='word_1_333' title='bbox 782 3937 834 4014; x_wconf 89' lang='lat' dir='ltr'><strong>qui</strong></span> <span class='ocrx_word' id='word_1_334' title='bbox 843 3935 998 4009; x_wconf 85' lang='lat' dir='ltr'><strong>libertate,</strong></span> <span class='ocrx_word' id='word_1_335' title='bbox 1009 3952 1077 4013; x_wconf 81' lang='lat' dir='ltr'><strong>quae</strong></span> <span class='ocrx_word' id='word_1_336' title='bbox 1089 3935 1131 3996; x_wconf 91' lang='lat' dir='ltr'><strong>eis</strong></span> <span class='ocrx_word' id='word_1_337' title='bbox 1142 3936 1173 3995; x_wconf 95' lang='lat' dir='ltr'><strong>in</strong></span> <span class='ocrx_word' id='word_1_338' title='bbox 1181 3935 1305 3996; x_wconf 86' lang='lat' dir='ltr'><strong>articulo</strong></span> <span class='ocrx_word' id='word_1_339' title='bbox 1315 3938 1371 3997; x_wconf 85' lang='lat' dir='ltr'><strong>XV</strong></span> <span class='ocrx_word' id='word_1_340' title='bbox 1382 3952 1464 4014; x_wconf 75' lang='lat' dir='ltr'><strong>supe</strong></span> <span class='ocrx_word' id='word_1_341' title='bbox 1474 3934 1562 3996; x_wconf 78' lang='lat' dir='ltr'><strong>dietae</strong></span> 
     </span>
     <span class='ocr_line' id='line_1_42' title="bbox 483 4013 1561 4092; baseline 0.004 -19"><span class='ocrx_word' id='word_1_342' title='bbox 483 4013 684 4076; x_wconf 79' lang='lat' dir='ltr'><strong>conventionis</strong></span> <span class='ocrx_word' id='word_1_343' title='bbox 697 4017 767 4076; x_wconf 87' lang='lat' dir='ltr'><strong>anui</strong></span> <span class='ocrx_word' id='word_1_344' title='bbox 782 4018 858 4078; x_wconf 81' lang='lat' dir='ltr'><strong>leot</strong></span> <span class='ocrx_word' id='word_1_345' title='bbox 879 4015 1007 4077; x_wconf 87' lang='lat' dir='ltr'><strong>ecclesiis</strong></span> <span class='ocrx_word' id='word_1_346' title='bbox 1026 4015 1196 4078; x_wconf 86' lang='lat' dir='ltr'><strong>consulendi</strong></span> <span class='ocrx_word' id='word_1_347' title='bbox 1215 4017 1374 4092; x_wconf 84' lang='lat' dir='ltr'><strong>asseritur,</strong></span> <span class='ocrx_word' id='word_1_348' title='bbox 1395 4017 1561 4077; x_wconf 85' lang='lat' dir='ltr'><strong>liberaliter</strong></span> 
     </span>
    </p>
   </div>
   <div class='ocr_carea' id='block_1_20' title="bbox 482 4095 1671 4261">
    <p class='ocr_par' dir='ltr' id='par_1_27' title="bbox 482 4095 1671 4261">
     <span class='ocr_line' id='line_1_43' title="bbox 484 4095 1671 4178; baseline 0.008 -24"><span class='ocrx_word' id='word_1_349' title='bbox 484 4096 527 4155; x_wconf 91' lang='lat' dir='ltr'><strong>uti</strong></span> <span class='ocrx_word' id='word_1_350' title='bbox 549 4095 657 4155; x_wconf 88' lang='lat' dir='ltr'><strong>velint:</strong></span> <span class='ocrx_word' id='word_1_351' title='bbox 675 4115 816 4174; x_wconf 87' lang='lat' dir='ltr'><strong>propensa</strong></span> <span class='ocrx_word' id='word_1_352' title='bbox 834 4115 906 4158; x_wconf 87' lang='lat' dir='ltr'><strong>vero</strong></span> <span class='ocrx_word' id='word_1_353' title='bbox 919 4099 1006 4178; x_wconf 74' lang='lat' dir='ltr'><strong>Regis</strong></span> <span class='ocrx_word' id='word_1_354' title='bbox 1017 4099 1153 4160; x_wconf 84' lang='lat' dir='ltr'><strong>voluntas</strong></span> <span class='ocrx_word' id='word_1_355' title='bbox 1167 4101 1224 4162; x_wconf 88' lang='lat' dir='ltr'><strong>Nos</strong></span> <span class='ocrx_word' id='word_1_356' title='bbox 1238 4097 1376 4160; x_wconf 86' lang='lat' dir='ltr'><strong>dubitare</strong></span> <span class='ocrx_word' id='word_1_357' title='bbox 1389 4117 1450 4160; x_wconf 87' lang='lat' dir='ltr'><strong>non</strong></span> <span class='ocrx_word' id='word_1_358' title='bbox 1467 4099 1559 4172; x_wconf 86' lang='lat' dir='ltr'><strong>sinit,</strong></span> <span class='ocrx_word' id='word_1_359' title='bbox 1670 4155 1671 4164; x_wconf 69' lang='grc'>,</span> 
     </span>
     <span class='ocr_line' id='line_1_44' title="bbox 482 4177 1671 4261; baseline 0.005 -25"><span class='ocrx_word' id='word_1_360' title='bbox 482 4177 563 4254; x_wconf 90' lang='lat' dir='ltr'><strong>quod</strong></span> <span class='ocrx_word' id='word_1_361' title='bbox 571 4178 782 4256; x_wconf 86' lang='lat' dir='ltr'><strong>protectionem</strong></span> <span class='ocrx_word' id='word_1_362' title='bbox 791 4180 1050 4244; x_wconf 81' lang='lat' dir='ltr'><strong>fundationumval</strong></span> <span class='ocrx_word' id='word_1_363' title='bbox 1062 4181 1283 4261; x_wconf 80' lang='lat' dir='ltr'><strong>elargitiouum,</strong></span> <span class='ocrx_word' id='word_1_364' title='bbox 1300 4199 1372 4260; x_wconf 84' lang='lat' dir='ltr'><strong>quas</strong></span> <span class='ocrx_word' id='word_1_365' title='bbox 1385 4181 1560 4243; x_wconf 79' lang='lat' dir='ltr'><strong>insererem</strong></span> <span class='ocrx_word' id='word_1_366' title='bbox 1670 4221 1671 4236; x_wconf 37' lang='lat' dir='ltr'><strong>l</strong></span> 
     </span>
    </p>
   </div>
   <div class='ocr_carea' id='block_1_21' title="bbox 0 0 1792 5625">
    <p class='ocr_par' dir='ltr' id='par_1_28' title="bbox 0 0 1792 5625">
     <span class='ocr_line' id='line_1_45' title="bbox 0 0 1792 5625; baseline 0 0"><span class='ocrx_word' id='word_1_367' title='bbox 0 0 1792 5625; x_wconf 95' lang='lat' dir='ltr'><strong> </strong></span> 
     </span>
    </p>
   </div>
  </div>
 </body>
</html>
