3575 5625
735 652 932 722 ..85-

283 803 447 897 opinione
483 823 552 870 sese
586 797 767 870 adversario
804 802 964 870 resistere.
1004 799 1090 870 lline
1120 812 1261 894 uterque
1287 796 1365 894 pol·

283 898 406 969 lieetur
449 923 517 970 sese
556 923 630 967 vers
661 899 696 968 iu
732 897 859 994 judicio
899 895 1065 985 dicturos.
1112 895 1195 966 nihil
1239 910 1368 966 acturos

279 996 403 1089 judicii
437 993 671 1092 corrumpendi
710 1021 829 1085 causo,
872 993 998 1066 nullam
1049 993 1203 1066 allaturos
1243 992 1369 1088 probe·

285 1097 416 1164 tionem
438 1110 496 1164 aut
524 1093 669 1164 fallacem
703 1108 760 1162 out
792 1117 859 1164 non
885 1093 1120 1181 neeessariam,
1158 1117 1266 1189 neque
1294 1115 1370 1187 ope·

286 1217 358 1260 rom
372 1189 526 1280 daturos,
556 1206 593 1262 ut
603 1189 766 1288 judicium
783 1189 983 1262 calumniose
1012 1188 1183 1260 differatur
1210 1187 1278 1284 (4).

329 1375 374 1457 (1)
396 1377 553 1436 Auctorem
567 1375 760 1454 jurisjurandi
781 1386 903 1458 propter
919 1376 1097 1439 columniam
1116 1375 1207 1453 aliqui
1230 1373 1373 1438 iustinia-

286 1475 364 1518 num
384 1458 509 1532 ieeiunt,
529 1466 559 1518 et
574 1467 731 1519 moventur
747 1457 774 1540 3.
796 1461 907 1522 llost.
926 1458 962 1521 sle
987 1463 1072 1520 Pers.
1094 1467 1196 1518 temer.
1223 1453 1366 1538 litigent,

285 1539 340 1600 uhi
361 1539 558 1602 Triboniunus
580 1539 655 1600 illud
677 1540 829 1601 inductum
852 1540 943 1603 tradit
958 1540 1169 1603 eonstitutioue
1193 1538 1369 1612 iustiniani,

287 1639 357 1698 quse
369 1628 464 1680 exstat
479 1621 510 1680 in
523 1622 560 1681 L.
578 1623 597 1681 Ξ
618 1618 686 1682 Cod.
703 1620 739 1683 de
752 1621 889 1704 threjur.
911 1631 1013 1705 propt.
1039 1619 1174 1684 column.
1190 1619 1247 1682 Sed
1265 1637 1369 1680 revere

288 1702 369 1762 illius
389 1703 473 1782 origo
496 1703 645 1780 antiquior
665 1711 719 1764 est.
754 1707 829 1766 Nem
848 1704 906 1766 hoe
922 1704 1131 1782 jusjurandum
1155 1709 1299 1762 memoret
1323 1700 1371 1760 di·

288 1784 451 1844 sertissime
468 1784 576 1846 Paulus
590 1787 709 1866 Recepi.
725 1793 837 1846 senten.
855 1784 906 1848 lib.
924 1789 944 1847 2
962 1786 1008 1847 tit.
1027 1788 1041 1846 ¹
1062 1783 1090 1866 3.
1111 1787 1147 1859 2,
1167 1781 1247 1862 opud
1264 1781 1372 1844 Schul-

287 1865 417 1944 tingium
429 1863 608 1948 Juroprut.
623 1874 682 1928 oet.
697 1867 960 1928 Ante-lustinion.
974 1885 1047 1948 pop.
1062 1867 1123 1928 968
1135 1863 1183 1926 ed.
1202 1862 1240 1924 Li
1259 1881 1285 1923 s.
1302 1863 1371 1938 sit.;

288 1945 421 2024 itemque
434 1945 497 2024 ejus
512 1948 623 2009 mentio
639 1955 683 2008 est
696 1950 728 2010 in
742 1950 778 2010 L.
797 1951 837 2010 ts
851 1947 879 2030 3.
897 1949 933 2011 Si
947 1946 1075 2030 familie
1085 1946 1120 2030 ff.
1140 1951 1185 2008 Fa
1224 1943 1370 2006 '.eret'se.

289 2026 390 2107 (quom
405 2028 501 2110 legem
521 2029 731 2092 rTribonisuo
748 2030 902 2092 eoniieturu
916 2049 993 2106 esse,
1012 2038 1064 2090 sot
1076 2035 1245 2107 sorr-optem
1265 2044 1373 2105 perpe·
1389 2087 1394 2096 ,

288 2109 1163 2274 spiriritustritortotoue
1182 2117 1211 2252 ἓ*
1224 2105 1370 2272 tsi.

285 2289 361 2352 pop.
377 2275 438 2336 257
455 2237 525 2336 totle.
542 2276 560 2335 5
575 2272 647 2337 edit.
663 2271 786 2337 reptet.
804 2277 896 2338 totu.
914 2274 972 2338 Sed
996 2283 1066 2336 oute
1078 2273 1278 2338 tustinionum
1303 2279 1371 2332 ton·

287 2360 354 2414 tum
380 2356 504 2432 speciale
522 2356 675 2418 eelumniae
693 2355 895 2434 juramentum
915 2357 1083 2428 obtinebat,
1106 2355 1250 2432 totiesque
1274 2353 1371 2412 locum

287 2433 435 2512 habebat,
455 2438 570 2516 quoties
595 2437 742 2515 pendente
767 2439 820 2499 lite
845 2439 965 2500 melitite
986 2439 1113 2516 suspicio
1136 2436 1257 2510 aderet,
1283 2441 1372 2511 etque

287 2516 332 2576 ita
345 2517 450 2596 soepius
463 2519 663 2596 repetebatur.
678 2519 871 2596 solueretur,
886 2530 917 2582 et
930 2521 962 2582 iu
976 2520 1065 2581 sertis
1078 2527 1193 2578 tautum
1207 2516 1317 2590 crusis,
1333 2514 1371 2575 de

286 2597 436 2661 calumnis
452 2599 586 2677 jurabat,
610 2599 653 2660 uti
681 2602 841 2662 ostendunt
862 2603 970 2663 Paulus
987 2599 1043 2663 loe.
1068 2600 1132 2670 eit..
1156 2608 1186 2660 et
1211 2596 1370 2675 Ulpianus,

286 2680 328 2739 L.
345 2681 384 2742 13
400 2677 427 2761 3.
450 2679 517 2762 51Ῑ.
542 2679 577 2741 de
598 2684 711 2742 Domo.
732 2681 833 2765 infect.
857 2686 932 2746 Nem
951 2685 982 2744 in
995 2683 1144 2761 plerisque
1169 2679 1249 2741 nudo
1266 2696 1371 2756 repro-

285 2761 430 2823 missione
449 2771 529 2823 oetor
546 2763 665 2824 oevehst
683 2781 730 2841 se,
753 2765 808 2827 nisi
827 2765 962 2841 vicisset,
988 2765 1127 2826 daturum
1150 2781 1201 2824 roo
1225 2760 1369 2821 decimum

283 2851 405 2921 portem
424 2844 503 2921 ejus,
531 2844 612 2922 quod
633 2846 768 2923 petebat,
790 2836 869 2909 uirde
890 2845 1128 2929 repromissionis
1152 2840 1317 2906 remedium
1340 2845 1370 2904 in

284 2924 391 2985 oodiee
410 2926 642 3005 Hermogeniuno
658 2926 703 2987 tit.
720 2926 757 2989 de
775 2925 959 2989 calumniat.
978 2930 1057 3007 opud
1077 2924 1294 3005 Schultingium
1314 2919 1369 2987 loe.

282 3006 338 3067 cit.
351 3024 423 3100 ppo.
434 3009 505 3068 715.
522 3010 618 3085 Atque
633 3006 695 3067 hoee
710 3018 773 3070 eret
787 3018 871 3070 vetus
890 3011 966 3071 ostio
980 3006 1137 3070 'calumnie
1156 3028 1193 3069 ex
1206 3005 1368 3103 stipulatu,

284 3088 1321 3253 ‘tiliitttbtllli&ti¹¹:2⁰1..3.⁰;¹.¹.⁰.ti⁰.;·..⁸.ti.i}¹.i¹.ltll⁸
1332 3108 1371 3231 t

284 3252 435 3314 calumnis
455 3253 549 3313 emitti
572 3252 680 3331 voluit,
702 3260 842 3333 proeteros
864 3254 972 3314 veteris
990 3252 1143 3313 calumnie
1161 3247 1282 3311 sotionis
1306 3251 1369 3314 loeo

287 3333 393 3395 sarciri
415 3332 570 3412 damnum,
593 3342 622 3395 et
639 3352 778 3415 expensas
799 3336 915 3397 restitui
934 3334 1023 3414 jussit
1045 3332 1072 3415 3.
1095 3336 1108 3395 i
1136 3334 1214 3395 Inst.
1232 3326 1268 3392 de
1287 3334 1370 3395 Poerr.

289 3424 393 3477 tenter.
412 3412 540 3497 torpor.
562 3414 619 3477 Sed
638 3425 736 3495 postes
755 3414 870 3479 Noveil.
894 3421 954 3478 tre
967 3435 1034 3498 cop.
1054 3415 1276 3479 tdeeimuriam
1290 3417 1370 3477 illum

286 3498 436 3559 sotionem
459 3498 588 3559 restituit
615 3506 702 3577 utque
730 3498 804 3559 illud
823 3500 954 3575 addidit,
978 3507 1012 3559 ut
1034 3499 1154 3561 decime
1172 3499 1269 3559 eoutio
1286 3500 1369 3559 sotis·

286 3580 440 3641 eletionem
469 3579 585 3639 hebeat.
606 3580 713 3641 Confer
732 3580 881 3658 Gujseium
905 3579 1025 3642 Obsero.
1047 3579 1098 3643 lsi).
1124 3583 1225 3662 ieap.
1254 3582 1272 3640 5
1297 3598 1366 3661 opp.

177 3706 193 3738 ,
288 3672 364 3725 torn.
387 3662 404 3721 5
429 3656 483 3722 eoi.
502 3663 560 3723 lto
577 3658 625 3721 ed.
644 3661 693 3723 eit.
714 3666 850 3727 tamvero
873 3682 942 3725 eum
955 3670 1068 3725 constet
1091 3662 1294 3741 juramentum
1318 3680 1367 3721 eo·

285 3743 426 3818 lumniae,
452 3742 532 3821 quod
556 3742 640 3803 initio
659 3744 783 3823 speoisle
807 3751 887 3825 eret,
914 3764 931 3807 o
956 3745 1120 3808 tustiuiuuo
1142 3744 1252 3805 foetum
1276 3743 1366 3804 tuisse

286 3824 443 3907 generale,
466 3824 506 3884 ito
526 3832 559 3885 ut
582 3824 613 3883 in
632 3825 794 3901 primordio
811 3826 871 3887 litis
895 3845 984 3906 super
1001 3826 1151 3888 universes
1172 3843 1257 3886 eouso
1274 3823 1367 3884 oliti-

286 3906 426 3991 gsntibus
440 3906 535 3967 emitti
550 3905 687 3983 deberet,
707 3926 767 3969 nou
785 3908 826 3969 ite
848 3909 1030 3988 exploratum
1045 3916 1105 3983 est,
1125 3926 1197 3968 num
1225 3909 1287 3984 ipse
1313 3908 1367 3967 tus

287 3989 420 4051 tinianus
445 3988 518 4049 illud
540 3988 627 4049 etiem
650 3989 774 4067 speeiele
795 3989 997 4068 juramentum
1021 3990 1183 4051 sustulerit.
1206 3987 1287 4051 Nihil
1307 3986 1369 4064 ipse

289 4090 325 4131 ea
351 4070 388 4133 de
405 4088 438 4131 re
462 4070 613 4131 constituit
631 4068 662 4131 iu
689 4072 727 4131 L.
752 4073 771 4133 2
792 4070 857 4134 eorl.
883 4070 920 4133 de
939 4071 1078 4155 lurejur.
1099 4076 1203 4153 propt.
1229 4063 1364 4129 column.

288 4150 349 4215 sed
375 4151 406 4211 id
427 4150 547 4213 demum
568 4151 670 4213 secisse
696 4152 814 4214 videtur
835 4155 866 4215 in
889 4150 1005 4215 Novell.
1028 4155 1068 4215 ts
1090 4171 1154 4233 cop.
1177 4153 1210 4225 5,
1231 4147 1283 4207 ubi
1301 4148 1368 4207 sni-

288 4234 464 4313 modrertit,
491 4232 570 4313 quod
592 4234 663 4296 olim
688 4234 719 4297 in
744 4254 803 4298 uno
826 4236 944 4317 negotio
962 4236 1135 4314 frequenter
1157 4228 1366 4310 jusjurandum
