3575 5625
867 689 1089 761 -256-

444 856 498 908 tur
516 854 563 910 ¹ct
598 862 711 910 eurum
753 839 808 908 alii
844 854 938 908 erant
971 835 1186 930 thurificati,
1218 836 1272 905 alii
1301 835 1515 930 tabificati,

443 936 495 1005 alii
525 937 708 1009 libellatici
740 936 806 1033 (1)
849 934 1068 1028 Thunficotc'
1103 932 1316 1022 dicebantur,
1355 936 1412 1030 qui
1439 934 1517 1003 thus

443 1032 538 1105 idolis
571 1031 799 1121 adoleverant3
842 1032 1055 1128 sacrificati,
1106 1036 1163 1129 qui
1197 1029 1376 1102 immundis
1415 1034 1517 1103 sacri-

443 1132 525 1203 ficiis
548 1156 612 1204 ora
643 1132 913 1204 inaculaaveraut
937 1130 1011 1228 (2),
1047 1130 1110 1200 huc
1136 1131 1249 1200 estin
1275 1128 1400 1225 templo
1426 1153 1518 1227 prae-

444 1232 555 1299 sertim
595 1254 707 1300 carnes
741 1228 953 1301 comederant
986 1228 1184 1318 hostiarum,
1225 1250 1303 1323 quae
1355 1226 1417 1297 diis
1458 1229 1519 1296 im-

444 1326 574 1399 molatae
612 1326 760 1416 lucrant,
799 1326 889 1423 quod
929 1324 1123 1397 idololatriae
1162 1339 1393 1421 argumentum
1433 1339 1515 1394 erut.

444 1422 510 1495 Sed
536 1450 604 1495 non
635 1424 749 1495 eadem
777 1449 911 1521 prorsus
945 1440 1016 1495 erat
1046 1425 1196 1493 omnium
1229 1421 1519 1515 thurificaturam

444 1536 478 1591 et
509 1520 790 1616 saomlicotorum
826 1525 919 1594 ratio.
955 1521 1040 1592 Nam
1071 1523 1199 1615 gravius
1225 1517 1416 1591 censebatur
1450 1521 1520 1590 cri·

444 1644 522 1713 men
556 1644 696 1709 eorum,
737 1622 794 1717 qui
823 1619 890 1691 laeti
939 1644 976 1690 ac
1022 1622 1169 1715 pretiosis
1206 1616 1314 1689 induti
1355 1617 1518 1704 restibus,

416 1718 617 1812 primoque
654 1720 780 1813 impetu
805 1718 935 1808 fracti,
970 1742 1070 1814 quam
1113 1742 1248 1805 eorum,
1300 1718 1358 1810 qui
1396 1716 1518 1801 moesh',

444 1838 481 1885 ac
505 1812 719 1909 ,longioribus
759 1816 834 1885 victi
872 1816 1044 1887 tormentis
1084 1812 1253 1886 Christum
1289 1809 1518 1885 deseruissent.

484 1985 526 2067 (1)
548 1990 661 2049 Horum
678 1987 781 2049 crebra
799 1990 912 2051 mentio
930 1998 974 2049 est
988 1991 1067 2069 apud
1086 1990 1285 2071 cyprianum,
1310 1996 1344 2049 ut
1363 1988 1397 2048 in
1416 2006 1462 2069 ep.
1479 1986 1522 2047 20

445 2065 486 2129 cl.
505 2070 543 2130 tt
558 2067 599 2129 cal
616 2066 686 2129 cler.
707 2071 793 2131 Rom.
817 2078 847 2131 et
865 2090 913 2153 ep.
938 2073 976 2131 tt
995 2069 1039 2133 cl.
1061 2074 1101 2135 52
1115 2070 1157 2134 cd
1175 2070 1342 2134 Antoniou.
1360 2088 1434 2152 pag.
1460 2068 1521 2129 199

446 2152 544 2211 11211
562 2147 631 2210 edit.
647 2148 863 2213 lautelodami
879 2153 971 2213 troo.

486 2230 528 2311 (1)
551 2234 594 2293 lta
605 2230 737 2311 loquitur
747 2236 910 2314 Cyprianus
923 2235 973 2296 cit.
986 2252 1033 2317 ep.
1049 2232 1092 2296 ael
1103 2232 1172 2297 cler.
1186 2236 1316 2297 moran.

493 2384 525 2485 §.
552 2384 596 2455 V.
629 2386 831 2461 libellatici
855 2406 967 2480 erant,
993 2392 1052 2486 qui
1085 2415 1146 2462 nec
1176 2389 1295 2480 thure,
1329 2413 1390 2461 noc
1419 2391 1525 2461 sacri-

445 2483 520 2555 [icio
550 2509 568 2553 u
599 2480 727 2557 Christo
750 2483 969 2577 deficiebant,
997 2486 1054 2559 sed
1090 2504 1201 2559 tamen
1232 2486 1423 2582 religionem
1455 2487 1526 2584 eju·

445 2580 563 2651 rahunt
606 2580 746 2673 libellis,
788 2608 870 2680 quos
915 2585 966 2656 rel
1010 2585 1148 2656 ethnicis
1188 2584 1428 2678 magistratibus
1469 2582 1527 2652 du·

446 2680 545 2766 hant,
590 2677 640 2748 rel
677 2679 718 2748 ab
756 2682 794 2751 iis
838 2684 1067 2780 accipiebant,
1106 2709 1149 2755 ne
1190 2682 1323 2779 publice
1368 2679 1525 2752 sacrificiu

448 2778 552 2850 facere
590 2792 795 2872 cogerentur.
836 2778 970 2877 Triplex
997 2805 1112 2852 eorum
1148 2806 1252 2877 genus
1287 2780 1383 2852 luisse
1420 2778 1528 2876 pleri·

448 2901 513 2973 que
542 2877 689 2946 sentiunt
726 2876 793 2973 (l).
831 2877 895 2948 Alii
932 2881 1088 2950 nimirum
1121 2879 1360 2974 magistratibus
1389 2903 1424 2948 se
1458 2901 1529 2948 non

446 2999 513 3048 esse
549 2971 738 3046 christianos
773 2973 893 3046 diserte
931 2973 1158 3065 affirmabunt,
1196 2975 1387 3071 religionem
1434 2999 1528 3047 suam

448 3070 554 3143 verbis
596 3073 756 3167 scriptove
797 3090 976 3168 negantes,
1023 3088 1123 3170 atque
1159 3074 1284 3172 ajentes
1323 3098 1357 3143 se
1396 3089 1528 3168 paratos

449 3195 515 3240 esse
549 3168 590 3238 ad
622 3168 816 3240 sucrificium
853 3170 1060 3260 laciendum,
1090 3196 1166 3242 cum
1198 3197 1217 3241 a
1250 3173 1440 3266 magistratu
1473 3195 1529 3240 ro·

447 3269 602 3338 'curentur
632 3265 698 3430 52).
732 3265 796 3344 Alii
826 3293 886 3338 neu
917 3267 1084 3340 Christum
1112 3267 1303 3366 ejurabant,
1335 3268 1529 3367 neque'ipsi

448 3361 599 3436 libellum
655 3363 775 3452 abant,
812 3364 870 3435 aed
901 3364 952 3435 rel
981 3365 1126 3438 amicum
1158 3365 1349 3456 ethnicum,
1386 3369 1436 3439 vel
1464 3388 1531 3440 ser·

451 3485 530 3531 rum
549 3457 744 3548 mittebant,
774 3476 811 3530 ut
837 3460 933 3534 idolis
959 3462 1097 3534 hostiam
1118 3463 1323 3553 immolaret,
1349 3465 1400 3536 rel
1425 3465 1530 3538 fidem

388 3599 391 3607 ·
452 3557 640 3648 abnegaret,
664 3571 764 3652 atque
789 3559 835 3628 ita
858 3558 1007 3631 libellum
1035 3587 1053 3631 a
1080 3564 1268 3655 magistratu
1288 3565 1528 3659 impetrareutt

454 3654 545 3752 quasi
569 3653 630 3748 ipsi
662 3651 832 3744 fecissent,
867 3656 958 3753 quod
986 3656 1028 3725 ah
1064 3657 1133 3729 aliis
1158 3659 1281 3729 factum
1316 3659 1435 3731 suerat.
1462 3661 1530 3737 llos

453 3749 583 3822 ecclesia
622 3751 831 3847 comparabat
862 3753 1026 3848 prioribus
1068 3753 1267 3847 libellaticis,
1303 3759 1360 3854 qui
1398 3783 1460 3855 per
1495 3783 1530 3830 se

455 3851 542 3946 ipsos
561 3848 687 3918 crimen
706 3845 905 3920 admiserant
930 3850 1000 3948 (ὅ).

496 4003 539 4085 (1)
560 4005 702 4069 Burunius
718 4003 768 4068 ud.
783 4026 835 4069 aa.
852 4011 912 4072 255
926 4028 1014 4072 nam.
1030 4013 1068 4073 18
1081 4021 1109 4074 ct
1125 4029 1186 4096 seq.
1200 4020 1271 4076 tom.
1289 4015 1395 4096 ἣρως.
1409 4016 1473 4077 teo
1483 4012 1528 4076 ert

457 4087 547 4150 Luce
561 4107 654 4150 unum
665 4095 780 4150 tautum
800 4089 1024 4154 libellaticorum
1037 4111 1130 4174 genua
1141 4095 1232 4170 iacit,
1247 4095 1367 4155 sedulia
1381 4095 1529 4174 plerisque

444 4167 529 4228 'viris
542 4168 652 4247 doctis,
664 4171 714 4250 qui
729 4171 836 4251 triplex
851 4173 969 4236 illorum
1021 4193 1076 4235 uus
1095 4174 1297 4257 distinguunt,
1314 4179 1460 4238 sententia
1474 4186 1527 4238 est.

441 4249 565 4311 ·Couler
583 4253 799 4334 Albaspiureum
812 4251 933 4324 ‚obsera
958 4253 984 4318 li
1002 4257 1043 4319 ,1
1064 4274 1130 4339 cap.
1151 4258 1185 4318 tt
1205 4275 1278 4339 paq.
1305 4261 1345 4320 st
1364 4256 1410 4320 ed.
1430 4259 1526 4339 Neup.
