<?xml version="1.0" encoding="UTF-8"?>
<!DOCTYPE html PUBLIC "-//W3C//DTD XHTML 1.0 Transitional//EN"
    "http://www.w3.org/TR/xhtml1/DTD/xhtml1-transitional.dtd">
<html xmlns="http://www.w3.org/1999/xhtml" xml:lang="en" lang="en">
 <head>
  <title>
</title>
<meta http-equiv="Content-Type" content="text/html;charset=utf-8" />
  <meta name='ocr-system' content='tesseract 3.04.00' />
  <meta name='ocr-capabilities' content='ocr_page ocr_carea ocr_par ocr_line ocrx_word'/>
</head>
<body>
  <div class='ocr_page' id='page_1' title='image "./institutionumca01devogoog_0091.png"; bbox 0 0 3575 5625; ppageno 0'>
   <div class='ocr_carea' id='block_1_1' title="bbox 908 585 1104 656">
    <p class='ocr_par' dir='ltr' id='par_1_1' title="bbox 908 585 1104 656">
     <span class='ocr_line' id='line_1_1' title="bbox 908 585 1104 656; baseline 0 -14"><span class='ocrx_word' id='word_1_1' title='bbox 908 585 1104 656; x_wconf 67' lang='lat'><strong>„82-</strong></span> 
     </span>
    </p>
   </div>
   <div class='ocr_carea' id='block_1_2' title="bbox 461 731 1543 2295">
    <p class='ocr_par' dir='ltr' id='par_1_2' title="bbox 461 731 1543 2295">
     <span class='ocr_line' id='line_1_2' title="bbox 511 731 1539 838; baseline -0.003 -30"><span class='ocrx_word' id='word_1_2' title='bbox 511 736 542 838; x_wconf 75' lang='lat'><strong>§.</strong></span> <span class='ocrx_word' id='word_1_3' title='bbox 571 735 617 808; x_wconf 93' lang='lat' dir='ltr'><strong>Il.</strong></span> <span class='ocrx_word' id='word_1_4' title='bbox 647 735 793 830; x_wconf 81' lang='lat' dir='ltr'><strong>Antiquo</strong></span> <span class='ocrx_word' id='word_1_5' title='bbox 825 731 905 802; x_wconf 89' lang='lat' dir='ltr'><strong>Jure</strong></span> <span class='ocrx_word' id='word_1_6' title='bbox 936 733 1159 805; x_wconf 85' lang='lat' dir='ltr'><strong>Romanorum</strong></span> <span class='ocrx_word' id='word_1_7' title='bbox 1195 733 1233 804; x_wconf 94' lang='lat' dir='ltr'><strong>lis</strong></span> <span class='ocrx_word' id='word_1_8' title='bbox 1264 748 1441 805; x_wconf 87' lang='lat' dir='ltr'><strong>contestata</strong></span> <span class='ocrx_word' id='word_1_9' title='bbox 1479 733 1539 805; x_wconf 93' lang='lat' dir='ltr'><strong>di-</strong></span> 
     </span>
     <span class='ocr_line' id='line_1_3' title="bbox 462 829 1540 927; baseline -0.008 -15"><span class='ocrx_word' id='word_1_10' title='bbox 462 839 616 927; x_wconf 87' lang='lat' dir='ltr'><strong>cebatur,</strong></span> <span class='ocrx_word' id='word_1_11' title='bbox 655 861 731 907; x_wconf 93' lang='lat' dir='ltr'><strong>cum</strong></span> <span class='ocrx_word' id='word_1_12' title='bbox 773 829 861 924; x_wconf 92' lang='lat' dir='ltr'><strong>apud</strong></span> <span class='ocrx_word' id='word_1_13' title='bbox 897 847 1091 927; x_wconf 78' lang='lat' dir='ltr'><strong>praetorem,</strong></span> <span class='ocrx_word' id='word_1_14' title='bbox 1130 856 1189 927; x_wconf 94' lang='lat' dir='ltr'><strong>per</strong></span> <span class='ocrx_word' id='word_1_15' title='bbox 1231 848 1379 901; x_wconf 89' lang='lat' dir='ltr'><strong>mutuam</strong></span> <span class='ocrx_word' id='word_1_16' title='bbox 1420 836 1540 903; x_wconf 87' lang='lat' dir='ltr'><strong>actoris</strong></span> 
     </span>
     <span class='ocr_line' id='line_1_4' title="bbox 461 928 1541 1032; baseline -0.009 -24"><span class='ocrx_word' id='word_1_17' title='bbox 461 939 575 1032; x_wconf 89' lang='lat' dir='ltr'><strong>reique</strong></span> <span class='ocrx_word' id='word_1_18' title='bbox 603 934 845 1016; x_wconf 80' lang='lat' dir='ltr'><strong>narrationem,</strong></span> <span class='ocrx_word' id='word_1_19' title='bbox 874 932 1102 1002; x_wconf 74' lang='lat' dir='ltr'><strong>coutroversiae</strong></span> <span class='ocrx_word' id='word_1_20' title='bbox 1132 944 1217 998; x_wconf 90' lang='lat' dir='ltr'><strong>statu</strong></span> <span class='ocrx_word' id='word_1_21' title='bbox 1247 932 1445 1019; x_wconf 89' lang='lat' dir='ltr'><strong>constituto,</strong></span> <span class='ocrx_word' id='word_1_22' title='bbox 1473 928 1541 999; x_wconf 90' lang='lat' dir='ltr'><strong>da-</strong></span> 
     </span>
     <span class='ocr_line' id='line_1_5' title="bbox 461 1023 1542 1131; baseline 0.002 -35"><span class='ocrx_word' id='word_1_23' title='bbox 461 1053 563 1131; x_wconf 77' lang='lat' dir='ltr'><strong>toque</strong></span> <span class='ocrx_word' id='word_1_24' title='bbox 591 1031 722 1126; x_wconf 73' lang='lat' dir='ltr'><strong>judice,</strong></span> <span class='ocrx_word' id='word_1_25' title='bbox 756 1023 919 1117; x_wconf 81' lang='lat' dir='ltr'><strong>litigantes</strong></span> <span class='ocrx_word' id='word_1_26' title='bbox 941 1025 1104 1122; x_wconf 87' lang='lat' dir='ltr'><strong>judicium</strong></span> <span class='ocrx_word' id='word_1_27' title='bbox 1133 1025 1370 1121; x_wconf 72' lang='lat' dir='ltr'><strong>suscipiebant,</strong></span> <span class='ocrx_word' id='word_1_28' title='bbox 1398 1053 1436 1098; x_wconf 90' lang='lat' dir='ltr'><strong>ac</strong></span> <span class='ocrx_word' id='word_1_29' title='bbox 1475 1042 1542 1098; x_wconf 89' lang='lat' dir='ltr'><strong>tes·</strong></span> 
     </span>
     <span class='ocr_line' id='line_1_6' title="bbox 462 1120 1534 1225; baseline -0.009 -23"><span class='ocrx_word' id='word_1_30' title='bbox 462 1149 534 1220; x_wconf 91' lang='lat' dir='ltr'><strong>tes,</strong></span> <span class='ocrx_word' id='word_1_31' title='bbox 560 1131 616 1225; x_wconf 92' lang='lat' dir='ltr'><strong>qui</strong></span> <span class='ocrx_word' id='word_1_32' title='bbox 632 1131 679 1198; x_wconf 90' lang='lat' dir='ltr'><strong>rei</strong></span> <span class='ocrx_word' id='word_1_33' title='bbox 706 1125 805 1197; x_wconf 90' lang='lat' dir='ltr'><strong>totius</strong></span> <span class='ocrx_word' id='word_1_34' title='bbox 822 1120 924 1192; x_wconf 85' lang='lat' dir='ltr'><strong>fidem</strong></span> <span class='ocrx_word' id='word_1_35' title='bbox 953 1123 1119 1213; x_wconf 90' lang='lat' dir='ltr'><strong>lacerent,</strong></span> <span class='ocrx_word' id='word_1_36' title='bbox 1147 1123 1307 1194; x_wconf 79' lang='lat' dir='ltr'><strong>vocabant</strong></span> <span class='ocrx_word' id='word_1_37' title='bbox 1331 1123 1380 1194; x_wconf 87' lang='lat' dir='ltr'><strong>his</strong></span> <span class='ocrx_word' id='word_1_38' title='bbox 1409 1124 1534 1194; x_wconf 82' lang='lat' dir='ltr'><strong>serbis:</strong></span> 
     </span>
     <span class='ocr_line' id='line_1_7' title="bbox 462 1219 1541 1320; baseline -0.01 -18"><span class='ocrx_word' id='word_1_39' title='bbox 462 1241 558 1302; x_wconf 77' lang='lat' dir='ltr'><strong>testes</strong></span> <span class='ocrx_word' id='word_1_40' title='bbox 585 1238 686 1298; x_wconf 80' lang='lat' dir='ltr'><strong>estote</strong></span> <span class='ocrx_word' id='word_1_41' title='bbox 711 1223 779 1320; x_wconf 90' lang='lat' dir='ltr'><strong>(l).</strong></span> <span class='ocrx_word' id='word_1_42' title='bbox 815 1219 898 1289; x_wconf 88' lang='lat' dir='ltr'><strong>lude</strong></span> <span class='ocrx_word' id='word_1_43' title='bbox 923 1219 990 1290; x_wconf 90' lang='lat' dir='ltr'><strong>litis</strong></span> <span class='ocrx_word' id='word_1_44' title='bbox 1019 1224 1210 1292; x_wconf 84' lang='lat' dir='ltr'><strong>contestatio</strong></span> <span class='ocrx_word' id='word_1_45' title='bbox 1248 1221 1334 1292; x_wconf 85' lang='lat' dir='ltr'><strong>dicta</strong></span> <span class='ocrx_word' id='word_1_46' title='bbox 1360 1237 1430 1308; x_wconf 69' lang='lat' dir='ltr'><strong>est,</strong></span> <span class='ocrx_word' id='word_1_47' title='bbox 1458 1224 1541 1318; x_wconf 87' lang='lat' dir='ltr'><strong>quia</strong></span> 
     </span>
     <span class='ocr_line' id='line_1_8' title="bbox 462 1315 1536 1412; baseline -0.006 -16"><span class='ocrx_word' id='word_1_48' title='bbox 462 1325 583 1396; x_wconf 88' lang='lat' dir='ltr'><strong>scilicet</strong></span> <span class='ocrx_word' id='word_1_49' title='bbox 624 1321 757 1393; x_wconf 90' lang='lat' dir='ltr'><strong>testibus</strong></span> <span class='ocrx_word' id='word_1_50' title='bbox 796 1315 948 1386; x_wconf 82' lang='lat' dir='ltr'><strong>adhibitis</strong></span> <span class='ocrx_word' id='word_1_51' title='bbox 987 1343 1038 1388; x_wconf 88' lang='lat' dir='ltr'><strong>res</strong></span> <span class='ocrx_word' id='word_1_52' title='bbox 1092 1334 1161 1390; x_wconf 89' lang='lat' dir='ltr'><strong>tota</strong></span> <span class='ocrx_word' id='word_1_53' title='bbox 1205 1317 1429 1389; x_wconf 80' lang='lat' dir='ltr'><strong>declarabatur</strong></span> <span class='ocrx_word' id='word_1_54' title='bbox 1464 1319 1536 1412; x_wconf 53' lang='grc' dir='ltr'>(ἢ).</span> 
     </span>
     <span class='ocr_line' id='line_1_9' title="bbox 461 1414 1541 1516; baseline -0.006 -23"><span class='ocrx_word' id='word_1_55' title='bbox 461 1423 540 1493; x_wconf 90' lang='lat' dir='ltr'><strong>Jure</strong></span> <span class='ocrx_word' id='word_1_56' title='bbox 570 1445 655 1492; x_wconf 86' lang='lat' dir='ltr'><strong>novo</strong></span> <span class='ocrx_word' id='word_1_57' title='bbox 685 1440 885 1516; x_wconf 88' lang='lat' dir='ltr'><strong>quamquam</strong></span> <span class='ocrx_word' id='word_1_58' title='bbox 916 1429 1014 1485; x_wconf 89' lang='lat' dir='ltr'><strong>testes</strong></span> <span class='ocrx_word' id='word_1_59' title='bbox 1050 1441 1119 1486; x_wconf 94' lang='lat' dir='ltr'><strong>non</strong></span> <span class='ocrx_word' id='word_1_60' title='bbox 1156 1414 1392 1503; x_wconf 73' lang='lat' dir='ltr'><strong>adhibeantur,</strong></span> <span class='ocrx_word' id='word_1_61' title='bbox 1424 1431 1541 1486; x_wconf 86' lang='lat' dir='ltr'><strong>tamen</strong></span> 
     </span>
     <span class='ocr_line' id='line_1_10' title="bbox 462 1511 1541 1608; baseline -0.006 -19"><span class='ocrx_word' id='word_1_62' title='bbox 462 1535 630 1592; x_wconf 89' lang='lat' dir='ltr'><strong>retentum</strong></span> <span class='ocrx_word' id='word_1_63' title='bbox 670 1533 719 1587; x_wconf 87' lang='lat' dir='ltr'><strong>est</strong></span> <span class='ocrx_word' id='word_1_64' title='bbox 767 1511 962 1583; x_wconf 82' lang='lat' dir='ltr'><strong>vocabulum</strong></span> <span class='ocrx_word' id='word_1_65' title='bbox 1011 1515 1275 1603; x_wconf 83' lang='lat' dir='ltr'><strong>contestationis,</strong></span> <span class='ocrx_word' id='word_1_66' title='bbox 1331 1512 1371 1582; x_wconf 91' lang='lat' dir='ltr'><strong>ad</strong></span> <span class='ocrx_word' id='word_1_67' title='bbox 1426 1513 1541 1608; x_wconf 82' lang='lat' dir='ltr'><strong>desig-</strong></span> 
     </span>
     <span class='ocr_line' id='line_1_11' title="bbox 462 1609 1538 1704; baseline -0.007 -17"><span class='ocrx_word' id='word_1_68' title='bbox 462 1615 604 1688; x_wconf 90' lang='lat' dir='ltr'><strong>nandam</strong></span> <span class='ocrx_word' id='word_1_69' title='bbox 650 1611 925 1684; x_wconf 81' lang='lat' dir='ltr'><strong>concertationem</strong></span> <span class='ocrx_word' id='word_1_70' title='bbox 975 1610 1151 1682; x_wconf 85' lang='lat' dir='ltr'><strong>verborum</strong></span> <span class='ocrx_word' id='word_1_71' title='bbox 1205 1613 1292 1680; x_wconf 90' lang='lat' dir='ltr'><strong>inter</strong></span> <span class='ocrx_word' id='word_1_72' title='bbox 1345 1609 1538 1704; x_wconf 80' lang='lat' dir='ltr'><strong>litigantes,</strong></span> 
     </span>
     <span class='ocr_line' id='line_1_12' title="bbox 463 1706 1543 1812; baseline -0.006 -29"><span class='ocrx_word' id='word_1_73' title='bbox 463 1739 605 1812; x_wconf 92' lang='lat' dir='ltr'><strong>quorum</strong></span> <span class='ocrx_word' id='word_1_74' title='bbox 647 1710 729 1782; x_wconf 89' lang='lat' dir='ltr'><strong>alter</strong></span> <span class='ocrx_word' id='word_1_75' title='bbox 772 1711 874 1807; x_wconf 89' lang='lat' dir='ltr'><strong>petit,</strong></span> <span class='ocrx_word' id='word_1_76' title='bbox 911 1706 993 1778; x_wconf 90' lang='lat' dir='ltr'><strong>alter</strong></span> <span class='ocrx_word' id='word_1_77' title='bbox 1030 1709 1179 1805; x_wconf 89' lang='lat' dir='ltr'><strong>petitioni</strong></span> <span class='ocrx_word' id='word_1_78' title='bbox 1211 1707 1411 1778; x_wconf 78' lang='lat' dir='ltr'><strong>adversatur.</strong></span> <span class='ocrx_word' id='word_1_79' title='bbox 1459 1707 1543 1779; x_wconf 87' lang='lat' dir='ltr'><strong>Non</strong></span> 
     </span>
     <span class='ocr_line' id='line_1_13' title="bbox 462 1804 1538 1906; baseline -0.007 -24"><span class='ocrx_word' id='word_1_80' title='bbox 462 1814 551 1882; x_wconf 89' lang='lat' dir='ltr'><strong>enim</strong></span> <span class='ocrx_word' id='word_1_81' title='bbox 578 1807 714 1906; x_wconf 84' lang='lat' dir='ltr'><strong>simplex</strong></span> <span class='ocrx_word' id='word_1_82' title='bbox 746 1807 861 1878; x_wconf 87' lang='lat' dir='ltr'><strong>actoris</strong></span> <span class='ocrx_word' id='word_1_83' title='bbox 916 1808 1006 1877; x_wconf 90' lang='lat' dir='ltr'><strong>etitio</strong></span> <span class='ocrx_word' id='word_1_84' title='bbox 1041 1806 1106 1875; x_wconf 90' lang='lat' dir='ltr'><strong>litis</strong></span> <span class='ocrx_word' id='word_1_85' title='bbox 1139 1809 1330 1876; x_wconf 85' lang='lat' dir='ltr'><strong>contestatio</strong></span> <span class='ocrx_word' id='word_1_86' title='bbox 1367 1821 1434 1891; x_wconf 74' lang='lat' dir='ltr'><strong>est,</strong></span> <span class='ocrx_word' id='word_1_87' title='bbox 1478 1804 1538 1875; x_wconf 88' lang='lat' dir='ltr'><strong>sed</strong></span> 
     </span>
     <span class='ocr_line' id='line_1_14' title="bbox 462 1831 1540 1999; baseline -0.008 -20"><span class='ocrx_word' id='word_1_88' title='bbox 462 1935 534 1980; x_wconf 89' lang='lat' dir='ltr'><strong>eam</strong></span> <span class='ocrx_word' id='word_1_89' title='bbox 562 1907 638 1976; x_wconf 85' lang='lat' dir='ltr'><strong>lacit</strong></span> <span class='ocrx_word' id='word_1_90' title='bbox 666 1903 840 1976; x_wconf 88' lang='lat' dir='ltr'><strong>conflictus</strong></span> <span class='ocrx_word' id='word_1_91' title='bbox 870 1831 926 1972; x_wconf 81' lang='lat' dir='ltr'><strong>illa</strong></span> <span class='ocrx_word' id='word_1_92' title='bbox 960 1903 1181 1997; x_wconf 78' lang='lat' dir='ltr'><strong>litigantium,</strong></span> <span class='ocrx_word' id='word_1_93' title='bbox 1215 1928 1280 1999; x_wconf 89' lang='lat' dir='ltr'><strong>qua</strong></span> <span class='ocrx_word' id='word_1_94' title='bbox 1312 1927 1387 1973; x_wconf 91' lang='lat' dir='ltr'><strong>reus</strong></span> <span class='ocrx_word' id='word_1_95' title='bbox 1418 1900 1540 1973; x_wconf 85' lang='lat' dir='ltr'><strong>adrer-</strong></span> 
     </span>
     <span class='ocr_line' id='line_1_15' title="bbox 461 1999 1538 2100; baseline -0.006 -24"><span class='ocrx_word' id='word_1_96' title='bbox 461 2032 515 2076; x_wconf 91' lang='lat' dir='ltr'><strong>sus</strong></span> <span class='ocrx_word' id='word_1_97' title='bbox 550 2005 750 2100; x_wconf 89' lang='lat' dir='ltr'><strong>propositam</strong></span> <span class='ocrx_word' id='word_1_98' title='bbox 785 2002 947 2071; x_wconf 90' lang='lat' dir='ltr'><strong>actionem</strong></span> <span class='ocrx_word' id='word_1_99' title='bbox 974 2026 1082 2071; x_wconf 90' lang='lat' dir='ltr'><strong>coram</strong></span> <span class='ocrx_word' id='word_1_100' title='bbox 1104 2000 1216 2096; x_wconf 92' lang='lat' dir='ltr'><strong>judice</strong></span> <span class='ocrx_word' id='word_1_101' title='bbox 1248 1999 1374 2096; x_wconf 87' lang='lat' dir='ltr'><strong>prolert</strong></span> <span class='ocrx_word' id='word_1_102' title='bbox 1414 2025 1538 2096; x_wconf 81' lang='lat' dir='ltr'><strong>excep-</strong></span> 
     </span>
     <span class='ocr_line' id='line_1_16' title="bbox 461 2095 1539 2192; baseline -0.004 -22"><span class='ocrx_word' id='word_1_103' title='bbox 461 2106 585 2172; x_wconf 89' lang='lat' dir='ltr'><strong>tionem</strong></span> <span class='ocrx_word' id='word_1_104' title='bbox 631 2123 743 2186; x_wconf 90' lang='lat' dir='ltr'><strong>suam,</strong></span> <span class='ocrx_word' id='word_1_105' title='bbox 786 2121 846 2192; x_wconf 92' lang='lat' dir='ltr'><strong>per</strong></span> <span class='ocrx_word' id='word_1_106' title='bbox 885 2121 984 2192; x_wconf 88' lang='lat' dir='ltr'><strong>quam</strong></span> <span class='ocrx_word' id='word_1_107' title='bbox 1012 2101 1172 2168; x_wconf 83' lang='lat' dir='ltr'><strong>contraria</strong></span> <span class='ocrx_word' id='word_1_108' title='bbox 1212 2099 1316 2186; x_wconf 91' lang='lat' dir='ltr'><strong>actio,</strong></span> <span class='ocrx_word' id='word_1_109' title='bbox 1357 2095 1407 2167; x_wconf 82' lang='lat' dir='ltr'><strong>rel</strong></span> <span class='ocrx_word' id='word_1_110' title='bbox 1446 2113 1539 2167; x_wconf 88' lang='lat' dir='ltr'><strong>certo</strong></span> 
     </span>
     <span class='ocr_line' id='line_1_17' title="bbox 462 2192 1188 2295; baseline -0.001 -27"><span class='ocrx_word' id='word_1_111' title='bbox 462 2217 633 2295; x_wconf 89' lang='lat' dir='ltr'><strong>tempore,</strong></span> <span class='ocrx_word' id='word_1_112' title='bbox 662 2194 712 2266; x_wconf 86' lang='lat' dir='ltr'><strong>rel</strong></span> <span class='ocrx_word' id='word_1_113' title='bbox 741 2208 901 2290; x_wconf 90' lang='lat' dir='ltr'><strong>perpetuo</strong></span> <span class='ocrx_word' id='word_1_114' title='bbox 928 2192 1104 2290; x_wconf 89' lang='lat' dir='ltr'><strong>depellitur</strong></span> <span class='ocrx_word' id='word_1_115' title='bbox 1121 2195 1188 2291; x_wconf 81' lang='grc'>(5).</span> 
     </span>
    </p>
   </div>
   <div class='ocr_carea' id='block_1_3' title="bbox 454 2366 1539 3106">
    <p class='ocr_par' dir='ltr' id='par_1_3' title="bbox 460 2366 1539 2678">
     <span class='ocr_line' id='line_1_18' title="bbox 503 2366 1539 2452; baseline -0.006 -19"><span class='ocrx_word' id='word_1_116' title='bbox 503 2370 544 2452; x_wconf 84' lang='lat' dir='ltr'><strong>(l)</strong></span> <span class='ocrx_word' id='word_1_117' title='bbox 566 2369 690 2432; x_wconf 85' lang='lat' dir='ltr'><strong>consule</strong></span> <span class='ocrx_word' id='word_1_118' title='bbox 706 2371 823 2429; x_wconf 84' lang='lat' dir='ltr'><strong>Festum</strong></span> <span class='ocrx_word' id='word_1_119' title='bbox 847 2385 876 2426; x_wconf 88' lang='lat' dir='ltr'><strong>o.</strong></span> <span class='ocrx_word' id='word_1_120' title='bbox 902 2366 1083 2443; x_wconf 75' lang='lat' dir='ltr'><strong>contestari,</strong></span> <span class='ocrx_word' id='word_1_121' title='bbox 1111 2385 1201 2445; x_wconf 85' lang='lat' dir='ltr'><strong>quem</strong></span> <span class='ocrx_word' id='word_1_122' title='bbox 1225 2369 1301 2429; x_wconf 79' lang='lat' dir='ltr'><strong>Festi</strong></span> <span class='ocrx_word' id='word_1_123' title='bbox 1327 2367 1423 2428; x_wconf 87' lang='lat' dir='ltr'><strong>locum</strong></span> <span class='ocrx_word' id='word_1_124' title='bbox 1450 2385 1539 2428; x_wconf 83' lang='lat' dir='ltr'><strong>exor-</strong></span> 
     </span>
     <span class='ocr_line' id='line_1_19' title="bbox 462 2446 1535 2530; baseline -0.004 -16"><span class='ocrx_word' id='word_1_125' title='bbox 462 2461 535 2514; x_wconf 89' lang='lat' dir='ltr'><strong>nant</strong></span> <span class='ocrx_word' id='word_1_126' title='bbox 546 2451 729 2512; x_wconf 86' lang='lat' dir='ltr'><strong>descnsiones</strong></span> <span class='ocrx_word' id='word_1_127' title='bbox 747 2467 800 2527; x_wconf 94' lang='lat' dir='ltr'><strong>pro</strong></span> <span class='ocrx_word' id='word_1_128' title='bbox 817 2448 957 2510; x_wconf 83' lang='lat' dir='ltr'><strong>salmasio</strong></span> <span class='ocrx_word' id='word_1_129' title='bbox 976 2446 1043 2509; x_wconf 85' lang='lat' dir='ltr'><strong>Oba.</strong></span> <span class='ocrx_word' id='word_1_130' title='bbox 1064 2446 1362 2530; x_wconf 60' lang='lat' dir='ltr'><strong>adjacentiam.</strong></span> <span class='ocrx_word' id='word_1_131' title='bbox 1383 2451 1443 2510; x_wconf 84' lang='lat' dir='ltr'><strong>ata</strong></span> <span class='ocrx_word' id='word_1_132' title='bbox 1462 2448 1535 2510; x_wconf 71' lang='lat' dir='ltr'><strong>ertit.</strong></span> 
     </span>
     <span class='ocr_line' id='line_1_20' title="bbox 460 2527 1535 2616; baseline -0.005 -21"><span class='ocrx_word' id='word_1_133' title='bbox 460 2533 602 2616; x_wconf 73' lang='lat' dir='ltr'><strong>Lacydon.</strong></span> <span class='ocrx_word' id='word_1_134' title='bbox 621 2535 729 2592; x_wconf 80' lang='lat' dir='ltr'><strong>octav.</strong></span> <span class='ocrx_word' id='word_1_135' title='bbox 752 2533 831 2592; x_wconf 79' lang='lat' dir='ltr'><strong>toto</strong></span> <span class='ocrx_word' id='word_1_136' title='bbox 852 2538 882 2588; x_wconf 90' lang='lat' dir='ltr'><strong>et</strong></span> <span class='ocrx_word' id='word_1_137' title='bbox 898 2529 1031 2608; x_wconf 84' lang='lat' dir='ltr'><strong>cujacius</strong></span> <span class='ocrx_word' id='word_1_138' title='bbox 1051 2527 1171 2592; x_wconf 79' lang='lat' dir='ltr'><strong>observ.</strong></span> <span class='ocrx_word' id='word_1_139' title='bbox 1194 2527 1242 2592; x_wconf 75' lang='lat' dir='ltr'><strong>tio.</strong></span> <span class='ocrx_word' id='word_1_140' title='bbox 1272 2531 1291 2591; x_wconf 85' lang='grc'>9</span> <span class='ocrx_word' id='word_1_141' title='bbox 1315 2549 1382 2611; x_wconf 84' lang='lat' dir='ltr'><strong>cap.</strong></span> <span class='ocrx_word' id='word_1_142' title='bbox 1406 2532 1441 2591; x_wconf 78' lang='lat' dir='ltr'><strong>at</strong></span> <span class='ocrx_word' id='word_1_143' title='bbox 1464 2550 1535 2612; x_wconf 87' lang='lat' dir='ltr'><strong>opp.</strong></span> 
     </span>
     <span class='ocr_line' id='line_1_21' title="bbox 461 2609 869 2678; baseline -0.02 0"><span class='ocrx_word' id='word_1_144' title='bbox 461 2626 531 2678; x_wconf 85' lang='lat' dir='ltr'><strong>tom.</strong></span> <span class='ocrx_word' id='word_1_145' title='bbox 550 2617 567 2676; x_wconf 83' lang='lat'>5</span> <span class='ocrx_word' id='word_1_146' title='bbox 584 2609 639 2674; x_wconf 88' lang='lat' dir='ltr'><strong>col.</strong></span> <span class='ocrx_word' id='word_1_147' title='bbox 659 2616 718 2673; x_wconf 75' lang='lat' dir='ltr'><strong>att</strong></span> <span class='ocrx_word' id='word_1_148' title='bbox 732 2609 803 2672; x_wconf 83' lang='lat' dir='ltr'><strong>edit.</strong></span> <span class='ocrx_word' id='word_1_149' title='bbox 820 2610 869 2671; x_wconf 84' lang='lat' dir='ltr'><strong>cit.</strong></span> 
     </span>
    </p>

    <p class='ocr_par' dir='ltr' id='par_1_4' title="bbox 459 2691 1538 2936">
     <span class='ocr_line' id='line_1_22' title="bbox 502 2691 1538 2775; baseline -0.003 -18"><span class='ocrx_word' id='word_1_150' title='bbox 502 2694 544 2775; x_wconf 61' lang='grc' dir='ltr'><strong>(ἓ)</strong></span> <span class='ocrx_word' id='word_1_151' title='bbox 564 2699 702 2756; x_wconf 90' lang='lat' dir='ltr'><strong>Veterem</strong></span> <span class='ocrx_word' id='word_1_152' title='bbox 722 2691 939 2753; x_wconf 82' lang='lat' dir='ltr'><strong>contestationis</strong></span> <span class='ocrx_word' id='word_1_153' title='bbox 967 2691 1092 2752; x_wconf 85' lang='lat' dir='ltr'><strong>sormam</strong></span> <span class='ocrx_word' id='word_1_154' title='bbox 1117 2691 1163 2752; x_wconf 90' lang='lat' dir='ltr'><strong>vel</strong></span> <span class='ocrx_word' id='word_1_155' title='bbox 1179 2700 1247 2752; x_wconf 88' lang='lat' dir='ltr'><strong>unte</strong></span> <span class='ocrx_word' id='word_1_156' title='bbox 1262 2691 1374 2752; x_wconf 90' lang='lat' dir='ltr'><strong>sublata</strong></span> <span class='ocrx_word' id='word_1_157' title='bbox 1394 2694 1538 2754; x_wconf 78' lang='lat' dir='ltr'><strong>formula-</strong></span> 
     </span>
     <span class='ocr_line' id='line_1_23' title="bbox 459 2771 1537 2851; baseline -0.004 -10"><span class='ocrx_word' id='word_1_158' title='bbox 459 2797 528 2841; x_wconf 92' lang='lat' dir='ltr'><strong>rum</strong></span> <span class='ocrx_word' id='word_1_159' title='bbox 541 2775 681 2839; x_wconf 88' lang='lat' dir='ltr'><strong>solemnia</strong></span> <span class='ocrx_word' id='word_1_160' title='bbox 700 2774 834 2851; x_wconf 88' lang='lat' dir='ltr'><strong>desiisse,</strong></span> <span class='ocrx_word' id='word_1_161' title='bbox 852 2793 887 2835; x_wconf 82' lang='lat' dir='ltr'><strong>ex</strong></span> <span class='ocrx_word' id='word_1_162' title='bbox 906 2777 938 2835; x_wconf 81' lang='lat' dir='ltr'><strong>b.</strong></span> <span class='ocrx_word' id='word_1_163' title='bbox 959 2773 1040 2835; x_wconf 83' lang='lat' dir='ltr'><strong>anic.</strong></span> <span class='ocrx_word' id='word_1_164' title='bbox 1058 2771 1129 2835; x_wconf 83' lang='lat' dir='ltr'><strong>Cod.</strong></span> <span class='ocrx_word' id='word_1_165' title='bbox 1147 2773 1183 2835; x_wconf 81' lang='lat' dir='ltr'><strong>de</strong></span> <span class='ocrx_word' id='word_1_166' title='bbox 1200 2771 1245 2836; x_wconf 87' lang='lat' dir='ltr'><strong>lit.</strong></span> <span class='ocrx_word' id='word_1_167' title='bbox 1266 2781 1387 2836; x_wconf 84' lang='lat' dir='ltr'><strong>contest.</strong></span> <span class='ocrx_word' id='word_1_168' title='bbox 1406 2776 1537 2838; x_wconf 89' lang='lat' dir='ltr'><strong>ostendit</strong></span> 
     </span>
     <span class='ocr_line' id='line_1_24' title="bbox 461 2852 1074 2936; baseline -0.016 -11"><span class='ocrx_word' id='word_1_169' title='bbox 461 2860 588 2925; x_wconf 85' lang='lat' dir='ltr'><strong>Vinnius</strong></span> <span class='ocrx_word' id='word_1_170' title='bbox 603 2855 705 2919; x_wconf 78' lang='lat' dir='ltr'><strong>Setaea.</strong></span> <span class='ocrx_word' id='word_1_171' title='bbox 744 2866 829 2919; x_wconf 82' lang='lat' dir='ltr'><strong>occat.</strong></span> <span class='ocrx_word' id='word_1_172' title='bbox 846 2852 895 2917; x_wconf 87' lang='lat' dir='ltr'><strong>lib.</strong></span> <span class='ocrx_word' id='word_1_173' title='bbox 912 2858 927 2917; x_wconf 84' lang='lat' dir='ltr'><strong>l</strong></span> <span class='ocrx_word' id='word_1_174' title='bbox 942 2874 1008 2936; x_wconf 85' lang='lat' dir='ltr'><strong>cap.</strong></span> <span class='ocrx_word' id='word_1_175' title='bbox 1024 2857 1074 2916; x_wconf 77' lang='lat' dir='ltr'><strong>tt.</strong></span> 
     </span>
    </p>

    <p class='ocr_par' dir='ltr' id='par_1_5' title="bbox 454 2935 1535 3106">
     <span class='ocr_line' id='line_1_25' title="bbox 500 2935 1535 3023; baseline 0 -21"><span class='ocrx_word' id='word_1_176' title='bbox 500 2940 542 3023; x_wconf 75' lang='lat'><strong>(5)</strong></span> <span class='ocrx_word' id='word_1_177' title='bbox 563 2940 599 3000; x_wconf 86' lang='lat' dir='ltr'><strong>L.</strong></span> <span class='ocrx_word' id='word_1_178' title='bbox 624 2942 638 3001; x_wconf 84' lang='lat' dir='ltr'><strong>l</strong></span> <span class='ocrx_word' id='word_1_179' title='bbox 668 2942 690 3000; x_wconf 86' lang='lat' dir='ltr'><em>C</em></span> <span class='ocrx_word' id='word_1_180' title='bbox 731 2982 739 2998; x_wconf 90' lang='lat'><strong>.</strong></span> <span class='ocrx_word' id='word_1_181' title='bbox 762 2936 797 2998; x_wconf 83' lang='lat' dir='ltr'><strong>da</strong></span> <span class='ocrx_word' id='word_1_182' title='bbox 820 2935 866 2998; x_wconf 83' lang='lat' dir='ltr'><strong>to.</strong></span> <span class='ocrx_word' id='word_1_183' title='bbox 892 2944 1012 2998; x_wconf 81' lang='lat' dir='ltr'><strong>contest.</strong></span> <span class='ocrx_word' id='word_1_184' title='bbox 1020 2959 1032 3011; x_wconf 92' lang='lat'><strong>,·</strong></span> <span class='ocrx_word' id='word_1_185' title='bbox 1053 2940 1086 2999; x_wconf 86' lang='lat' dir='ltr'><strong>L.</strong></span> <span class='ocrx_word' id='word_1_186' title='bbox 1108 2956 1183 2999; x_wconf 82' lang='lat' dir='ltr'><strong>rem.</strong></span> <span class='ocrx_word' id='word_1_187' title='bbox 1203 2936 1231 3019; x_wconf 63' lang='lat'><strong>5.</strong></span> <span class='ocrx_word' id='word_1_188' title='bbox 1251 2938 1380 3000; x_wconf 79' lang='lat' dir='ltr'><strong>Patroni</strong></span> <span class='ocrx_word' id='word_1_189' title='bbox 1407 2937 1478 3000; x_wconf 81' lang='lat' dir='ltr'><strong>Cod.</strong></span> <span class='ocrx_word' id='word_1_190' title='bbox 1498 2938 1535 3002; x_wconf 83' lang='lat' dir='ltr'><strong>de</strong></span> 
     </span>
     <span class='ocr_line' id='line_1_26' title="bbox 454 3015 1030 3106; baseline -0.01 -21"><span class='ocrx_word' id='word_1_191' title='bbox 454 3023 554 3106; x_wconf 81' lang='lat' dir='ltr'><strong>judic.</strong></span> <span class='ocrx_word' id='word_1_192' title='bbox 570 3040 635 3105; x_wconf 85' lang='lat' dir='ltr'><strong>cop.</strong></span> <span class='ocrx_word' id='word_1_193' title='bbox 654 3024 692 3082; x_wconf 67' lang='grc'><strong>54</strong></span> <span class='ocrx_word' id='word_1_194' title='bbox 706 3018 733 3101; x_wconf 74' lang='lat' dir='ltr'><strong>S.</strong></span> <span class='ocrx_word' id='word_1_195' title='bbox 747 3016 891 3081; x_wconf 85' lang='lat' dir='ltr'><strong>Patribus</strong></span> <span class='ocrx_word' id='word_1_196' title='bbox 902 3018 938 3079; x_wconf 84' lang='lat' dir='ltr'><strong>de</strong></span> <span class='ocrx_word' id='word_1_197' title='bbox 950 3015 1030 3081; x_wconf 84' lang='lat' dir='ltr'><strong>elect.</strong></span> 
     </span>
    </p>
   </div>
   <div class='ocr_carea' id='block_1_4' title="bbox 455 3164 1535 3427">
    <p class='ocr_par' dir='ltr' id='par_1_6' title="bbox 455 3164 1535 3427">
     <span class='ocr_line' id='line_1_27' title="bbox 508 3164 1535 3267; baseline -0.002 -30"><span class='ocrx_word' id='word_1_198' title='bbox 508 3166 539 3267; x_wconf 81' lang='lat'><strong>§.</strong></span> <span class='ocrx_word' id='word_1_199' title='bbox 568 3166 627 3237; x_wconf 93' lang='lat' dir='ltr'><strong>lll.</strong></span> <span class='ocrx_word' id='word_1_200' title='bbox 657 3164 857 3237; x_wconf 87' lang='lat' dir='ltr'><strong>Contestatio</strong></span> <span class='ocrx_word' id='word_1_201' title='bbox 889 3166 989 3262; x_wconf 83' lang='lat' dir='ltr'><strong>igitur</strong></span> <span class='ocrx_word' id='word_1_202' title='bbox 1028 3165 1158 3234; x_wconf 88' lang='lat' dir='ltr'><strong>initium</strong></span> <span class='ocrx_word' id='word_1_203' title='bbox 1192 3181 1240 3235; x_wconf 87' lang='lat' dir='ltr'><strong>est</strong></span> <span class='ocrx_word' id='word_1_204' title='bbox 1277 3164 1394 3262; x_wconf 86' lang='lat' dir='ltr'><strong>judicii</strong></span> <span class='ocrx_word' id='word_1_205' title='bbox 1429 3181 1468 3235; x_wconf 92' lang='lat' dir='ltr'><strong>ut</strong></span> <span class='ocrx_word' id='word_1_206' title='bbox 1499 3167 1535 3235; x_wconf 92' lang='lat' dir='ltr'><strong>in</strong></span> 
     </span>
     <span class='ocr_line' id='line_1_28' title="bbox 455 3260 1535 3427; baseline -0.003 -92"><span class='ocrx_word' id='word_1_207' title='bbox 455 3268 510 3361; x_wconf 86' lang='lat' dir='ltr'><strong>jus</strong></span> <span class='ocrx_word' id='word_1_208' title='bbox 541 3268 665 3335; x_wconf 84' lang='lat' dir='ltr'><strong>vocatio</strong></span> <span class='ocrx_word' id='word_1_209' title='bbox 701 3265 831 3333; x_wconf 88' lang='lat' dir='ltr'><strong>initium</strong></span> <span class='ocrx_word' id='word_1_210' title='bbox 868 3263 1002 3332; x_wconf 89' lang='lat' dir='ltr'><strong>actionis</strong></span> <span class='ocrx_word' id='word_1_211' title='bbox 1030 3260 1102 3358; x_wconf 84' lang='lat' dir='ltr'><strong>(l);</strong></span> <span class='ocrx_word' id='word_1_212' title='bbox 1143 3261 1263 3427; x_wconf 65' lang='lat' dir='ltr'><strong>illapue</strong></span> <span class='ocrx_word' id='word_1_213' title='bbox 1299 3264 1384 3331; x_wconf 90' lang='lat' dir='ltr'><strong>intra</strong></span> <span class='ocrx_word' id='word_1_214' title='bbox 1422 3264 1535 3357; x_wconf 84' lang='lat' dir='ltr'><strong>viginti</strong></span> 
     </span>
    </p>
   </div>
   <div class='ocr_carea' id='block_1_5' title="bbox 455 3356 1535 4134">
    <p class='ocr_par' dir='ltr' id='par_1_7' title="bbox 455 3356 1535 4134">
     <span class='ocr_line' id='line_1_29' title="bbox 459 3356 1535 3455; baseline 0.002 -25"><span class='ocrx_word' id='word_1_215' title='bbox 459 3376 533 3455; x_wconf 91' lang='lat' dir='ltr'><strong>post</strong></span> <span class='ocrx_word' id='word_1_216' title='bbox 559 3359 704 3430; x_wconf 90' lang='lat' dir='ltr'><strong>oblatum</strong></span> <span class='ocrx_word' id='word_1_217' title='bbox 726 3357 875 3428; x_wconf 89' lang='lat' dir='ltr'><strong>libellum</strong></span> <span class='ocrx_word' id='word_1_218' title='bbox 905 3357 972 3427; x_wconf 88' lang='lat' dir='ltr'><strong>dies</strong></span> <span class='ocrx_word' id='word_1_219' title='bbox 997 3356 1037 3427; x_wconf 92' lang='lat' dir='ltr'><strong>ab</strong></span> <span class='ocrx_word' id='word_1_220' title='bbox 1061 3375 1168 3429; x_wconf 90' lang='lat' dir='ltr'><strong>actore</strong></span> <span class='ocrx_word' id='word_1_221' title='bbox 1224 3362 1270 3429; x_wconf 93' lang='lat' dir='ltr'><strong>eri</strong></span> <span class='ocrx_word' id='word_1_222' title='bbox 1301 3358 1412 3430; x_wconf 87' lang='lat' dir='ltr'><strong>debet.</strong></span> <span class='ocrx_word' id='word_1_223' title='bbox 1447 3363 1535 3432; x_wconf 84' lang='lat' dir='ltr'><strong>Ante</strong></span> 
     </span>
     <span class='ocr_line' id='line_1_30' title="bbox 458 3456 1531 3551; baseline 0.002 -26"><span class='ocrx_word' id='word_1_224' title='bbox 458 3456 544 3526; x_wconf 91' lang='lat' dir='ltr'><strong>banc</strong></span> <span class='ocrx_word' id='word_1_225' title='bbox 581 3458 849 3525; x_wconf 88' lang='lat' dir='ltr'><strong>contestationem</strong></span> <span class='ocrx_word' id='word_1_226' title='bbox 890 3468 998 3523; x_wconf 90' lang='lat' dir='ltr'><strong>totum</strong></span> <span class='ocrx_word' id='word_1_227' title='bbox 1035 3458 1226 3551; x_wconf 80' lang='lat' dir='ltr'><strong>negotium,</strong></span> <span class='ocrx_word' id='word_1_228' title='bbox 1270 3456 1360 3551; x_wconf 94' lang='lat' dir='ltr'><strong>quod</strong></span> <span class='ocrx_word' id='word_1_229' title='bbox 1400 3458 1531 3551; x_wconf 83' lang='lat' dir='ltr'><strong>agitur,</strong></span> 
     </span>
     <span class='ocr_line' id='line_1_31' title="bbox 458 3550 1529 3649; baseline 0.001 -26"><span class='ocrx_word' id='word_1_230' title='bbox 458 3578 528 3623; x_wconf 90' lang='lat' dir='ltr'><strong>nou</strong></span> <span class='ocrx_word' id='word_1_231' title='bbox 562 3552 601 3620; x_wconf 90' lang='lat' dir='ltr'><strong>lis</strong></span> <span class='ocrx_word' id='word_1_232' title='bbox 631 3566 688 3621; x_wconf 90' lang='lat' dir='ltr'><strong>aut</strong></span> <span class='ocrx_word' id='word_1_233' title='bbox 720 3550 903 3648; x_wconf 89' lang='lat' dir='ltr'><strong>judicium,</strong></span> <span class='ocrx_word' id='word_1_234' title='bbox 937 3550 994 3622; x_wconf 90' lang='lat' dir='ltr'><strong>sed</strong></span> <span class='ocrx_word' id='word_1_235' title='bbox 1025 3558 1242 3624; x_wconf 85' lang='lat' dir='ltr'><strong>controversia</strong></span> <span class='ocrx_word' id='word_1_236' title='bbox 1273 3568 1423 3623; x_wconf 88' lang='lat' dir='ltr'><strong>censetur</strong></span> <span class='ocrx_word' id='word_1_237' title='bbox 1459 3554 1529 3649; x_wconf 59' lang='grc' dir='ltr'>(ἓ).</span> 
     </span>
     <span class='ocr_line' id='line_1_32' title="bbox 457 3648 1532 3747; baseline 0.001 -28"><span class='ocrx_word' id='word_1_238' title='bbox 457 3649 569 3736; x_wconf 86' lang='lat' dir='ltr'><strong>Quare</strong></span> <span class='ocrx_word' id='word_1_239' title='bbox 597 3664 636 3717; x_wconf 90' lang='lat' dir='ltr'><strong>ut</strong></span> <span class='ocrx_word' id='word_1_240' title='bbox 670 3648 734 3719; x_wconf 90' lang='lat' dir='ltr'><strong>litis</strong></span> <span class='ocrx_word' id='word_1_241' title='bbox 757 3650 887 3718; x_wconf 90' lang='lat' dir='ltr'><strong>initium</strong></span> <span class='ocrx_word' id='word_1_242' title='bbox 915 3650 957 3717; x_wconf 91' lang='lat' dir='ltr'><strong>sit</strong></span> <span class='ocrx_word' id='word_1_243' title='bbox 982 3653 1218 3740; x_wconf 87' lang='lat' dir='ltr'><strong>coustitutum,</strong></span> <span class='ocrx_word' id='word_1_244' title='bbox 1256 3654 1391 3721; x_wconf 90' lang='lat' dir='ltr'><strong>omnino</strong></span> <span class='ocrx_word' id='word_1_245' title='bbox 1417 3654 1532 3747; x_wconf 88' lang='lat' dir='ltr'><strong>requi-</strong></span> 
     </span>
     <span class='ocr_line' id='line_1_33' title="bbox 456 3747 1532 3842; baseline 0 -25"><span class='ocrx_word' id='word_1_246' title='bbox 456 3750 541 3817; x_wconf 90' lang='lat' dir='ltr'><strong>ritur</strong></span> <span class='ocrx_word' id='word_1_247' title='bbox 567 3747 636 3842; x_wconf 83' lang='lat' dir='ltr'><strong>ejus</strong></span> <span class='ocrx_word' id='word_1_248' title='bbox 660 3748 873 3833; x_wconf 81' lang='lat' dir='ltr'><strong>contestatio,</strong></span> <span class='ocrx_word' id='word_1_249' title='bbox 901 3771 1011 3841; x_wconf 89' lang='lat' dir='ltr'><strong>neque</strong></span> <span class='ocrx_word' id='word_1_250' title='bbox 1044 3762 1120 3817; x_wconf 89' lang='lat' dir='ltr'><strong>ante</strong></span> <span class='ocrx_word' id='word_1_251' title='bbox 1156 3773 1228 3818; x_wconf 86' lang='lat' dir='ltr'><strong>eam</strong></span> <span class='ocrx_word' id='word_1_252' title='bbox 1262 3749 1367 3817; x_wconf 92' lang='lat' dir='ltr'><strong>emitti</strong></span> <span class='ocrx_word' id='word_1_253' title='bbox 1395 3765 1532 3817; x_wconf 88' lang='lat' dir='ltr'><strong>seuten-</strong></span> 
     </span>
     <span class='ocr_line' id='line_1_34' title="bbox 456 3842 1533 3941; baseline 0 -27"><span class='ocrx_word' id='word_1_254' title='bbox 456 3847 501 3914; x_wconf 91' lang='lat' dir='ltr'><strong>tia</strong></span> <span class='ocrx_word' id='word_1_255' title='bbox 534 3842 610 3938; x_wconf 78' lang='grc' dir='ltr'>(ὅ),</span> <span class='ocrx_word' id='word_1_256' title='bbox 649 3857 706 3911; x_wconf 89' lang='lat' dir='ltr'><strong>aut</strong></span> <span class='ocrx_word' id='word_1_257' title='bbox 738 3845 837 3939; x_wconf 89' lang='lat' dir='ltr'><strong>recipi</strong></span> <span class='ocrx_word' id='word_1_258' title='bbox 875 3857 991 3931; x_wconf 87' lang='lat' dir='ltr'><strong>testes,</strong></span> <span class='ocrx_word' id='word_1_259' title='bbox 1029 3842 1079 3913; x_wconf 86' lang='lat' dir='ltr'><strong>vel</strong></span> <span class='ocrx_word' id='word_1_260' title='bbox 1119 3843 1179 3913; x_wconf 91' lang='lat' dir='ltr'><strong>alia</strong></span> <span class='ocrx_word' id='word_1_261' title='bbox 1213 3843 1363 3941; x_wconf 87' lang='lat' dir='ltr'><strong>probatio</strong></span> <span class='ocrx_word' id='word_1_262' title='bbox 1403 3844 1533 3914; x_wconf 88' lang='lat' dir='ltr'><strong>admitti</strong></span> 
     </span>
     <span class='ocr_line' id='line_1_35' title="bbox 455 3941 1531 4037; baseline -0.002 -25"><span class='ocrx_word' id='word_1_263' title='bbox 455 3956 583 4037; x_wconf 87' lang='lat' dir='ltr'><strong>potest,</strong></span> <span class='ocrx_word' id='word_1_264' title='bbox 602 3941 662 4009; x_wconf 91' lang='lat' dir='ltr'><strong>nisi</strong></span> <span class='ocrx_word' id='word_1_265' title='bbox 694 3954 751 4009; x_wconf 91' lang='lat' dir='ltr'><strong>aut</strong></span> <span class='ocrx_word' id='word_1_266' title='bbox 770 3956 886 4008; x_wconf 91' lang='lat' dir='ltr'><strong>natura</strong></span> <span class='ocrx_word' id='word_1_267' title='bbox 913 3964 1015 4009; x_wconf 82' lang='lat' dir='ltr'><strong>causae</strong></span> <span class='ocrx_word' id='word_1_268' title='bbox 1041 3941 1117 4035; x_wconf 75' lang='lat'><strong>(4),</strong></span> <span class='ocrx_word' id='word_1_269' title='bbox 1144 3957 1200 4012; x_wconf 92' lang='lat' dir='ltr'><strong>aut</strong></span> <span class='ocrx_word' id='word_1_270' title='bbox 1226 3941 1408 4037; x_wconf 88' lang='lat' dir='ltr'><strong>periculum</strong></span> <span class='ocrx_word' id='word_1_271' title='bbox 1429 3944 1531 4011; x_wconf 89' lang='lat' dir='ltr'><strong>amit-</strong></span> 
     </span>
     <span class='ocr_line' id='line_1_36' title="bbox 455 4035 1531 4134; baseline 0.002 -27"><span class='ocrx_word' id='word_1_272' title='bbox 455 4037 630 4109; x_wconf 86' lang='lat' dir='ltr'><strong>tendarum</strong></span> <span class='ocrx_word' id='word_1_273' title='bbox 666 4035 899 4132; x_wconf 89' lang='lat' dir='ltr'><strong>probationum</strong></span> <span class='ocrx_word' id='word_1_274' title='bbox 938 4035 1026 4106; x_wconf 92' lang='lat' dir='ltr'><strong>aliud</strong></span> <span class='ocrx_word' id='word_1_275' title='bbox 1057 4040 1182 4131; x_wconf 78' lang='lat' dir='ltr'><strong>erigat,</strong></span> <span class='ocrx_word' id='word_1_276' title='bbox 1207 4041 1283 4134; x_wconf 92' lang='lat' dir='ltr'><strong>quia</strong></span> <span class='ocrx_word' id='word_1_277' title='bbox 1317 4055 1399 4109; x_wconf 92' lang='lat' dir='ltr'><strong>tunc</strong></span> <span class='ocrx_word' id='word_1_278' title='bbox 1440 4038 1531 4109; x_wconf 91' lang='lat' dir='ltr'><strong>locus</strong></span> 
     </span>
    </p>
   </div>
   <div class='ocr_carea' id='block_1_6' title="bbox 453 4134 1527 4233">
    <p class='ocr_par' dir='ltr' id='par_1_8' title="bbox 453 4134 1527 4233">
     <span class='ocr_line' id='line_1_37' title="bbox 453 4134 1527 4233; baseline 0 -28"><span class='ocrx_word' id='word_1_279' title='bbox 453 4138 678 4210; x_wconf 75' lang='lat' dir='ltr'><strong>catecumini</strong></span> <span class='ocrx_word' id='word_1_280' title='bbox 692 4138 835 4206; x_wconf 78' lang='lat' dir='ltr'><strong>testium</strong></span> <span class='ocrx_word' id='word_1_281' title='bbox 854 4134 906 4207; x_wconf 81' lang='lat' dir='ltr'><strong>od</strong></span> <span class='ocrx_word' id='word_1_282' title='bbox 924 4147 1136 4232; x_wconf 78' lang='lat' dir='ltr'><strong>perpetuam</strong></span> <span class='ocrx_word' id='word_1_283' title='bbox 1160 4140 1217 4208; x_wconf 79' lang='lat' dir='ltr'><strong>rei</strong></span> <span class='ocrx_word' id='word_1_284' title='bbox 1236 4141 1445 4209; x_wconf 61' lang='lat' dir='ltr'><strong>memoriam</strong></span> <span class='ocrx_word' id='word_1_285' title='bbox 1459 4136 1527 4233; x_wconf 80' lang='lat'>(5).</span> 
     </span>
    </p>
   </div>
   <div class='ocr_carea' id='block_1_7' title="bbox 0 0 1792 5625">
    <p class='ocr_par' dir='ltr' id='par_1_9' title="bbox 0 0 1792 5625">
     <span class='ocr_line' id='line_1_38' title="bbox 0 0 1792 5625; baseline 0 2"><span class='ocrx_word' id='word_1_286' title='bbox 0 0 1792 5625; x_wconf 95' lang='lat' dir='ltr'><strong> </strong></span> 
     </span>
    </p>
   </div>
  </div>
 </body>
</html>
