<?xml version="1.0" encoding="UTF-8"?>
<!DOCTYPE html PUBLIC "-//W3C//DTD XHTML 1.0 Transitional//EN"
    "http://www.w3.org/TR/xhtml1/DTD/xhtml1-transitional.dtd">
<html xmlns="http://www.w3.org/1999/xhtml" xml:lang="en" lang="en">
 <head>
  <title>
</title>
<meta http-equiv="Content-Type" content="text/html;charset=utf-8" />
  <meta name='ocr-system' content='tesseract 3.04.00' />
  <meta name='ocr-capabilities' content='ocr_page ocr_carea ocr_par ocr_line ocrx_word'/>
</head>
<body>
  <div class='ocr_page' id='page_1' title='image "./institutionumca01devogoog_0509.png"; bbox 0 0 3575 5625; ppageno 0'>
   <div class='ocr_carea' id='block_1_1' title="bbox 447 646 551 693">
    <p class='ocr_par' dir='ltr' id='par_1_1' title="bbox 447 646 551 693">
     <span class='ocr_line' id='line_1_1' title="bbox 447 646 551 693; baseline 0.038 -4"><span class='ocrx_word' id='word_1_1' title='bbox 447 646 551 693; x_wconf 72' lang='lat' dir='ltr'>XXXV!</span> 
     </span>
    </p>
   </div>
   <div class='ocr_carea' id='block_1_2' title="bbox 445 765 1528 4246">
    <p class='ocr_par' dir='ltr' id='par_1_2' title="bbox 446 765 1522 930">
     <span class='ocr_line' id='line_1_2' title="bbox 487 765 1522 851; baseline -0.005 -20"><span class='ocrx_word' id='word_1_2' title='bbox 487 774 555 831; x_wconf 82' lang='lat' dir='ltr'><strong>Post</strong></span> <span class='ocrx_word' id='word_1_3' title='bbox 563 770 620 831; x_wconf 87' lang='lat' dir='ltr'><strong>sibi</strong></span> <span class='ocrx_word' id='word_1_4' title='bbox 635 776 739 833; x_wconf 87' lang='lat' dir='ltr'><strong>mutuo</strong></span> <span class='ocrx_word' id='word_1_5' title='bbox 751 768 860 831; x_wconf 80' lang='lat' dir='ltr'><strong>tradita</strong></span> <span class='ocrx_word' id='word_1_6' title='bbox 873 767 1004 851; x_wconf 63' lang='lat' dir='ltr'><strong>legitima</strong></span> <span class='ocrx_word' id='word_1_7' title='bbox 1018 776 1048 828; x_wconf 90' lang='lat' dir='ltr'><strong>et</strong></span> <span class='ocrx_word' id='word_1_8' title='bbox 1063 765 1231 829; x_wconf 79' lang='lat' dir='ltr'><strong>authentica</strong></span> <span class='ocrx_word' id='word_1_9' title='bbox 1244 782 1305 827; x_wconf 79' lang='lat' dir='ltr'><strong>suae</strong></span> <span class='ocrx_word' id='word_1_10' title='bbox 1318 765 1444 845; x_wconf 85' lang='lat' dir='ltr'><strong>quisque</strong></span> <span class='ocrx_word' id='word_1_11' title='bbox 1457 768 1522 844; x_wconf 90' lang='lat' dir='ltr'><strong>plc-</strong></span> 
     </span>
     <span class='ocr_line' id='line_1_3' title="bbox 446 848 1519 930; baseline -0.003 -20"><span class='ocrx_word' id='word_1_12' title='bbox 446 850 615 930; x_wconf 80' lang='lat' dir='ltr'><strong>nipotentie</strong></span> <span class='ocrx_word' id='word_1_13' title='bbox 638 855 849 928; x_wconf 84' lang='lat' dir='ltr'><strong>instrumenta,</strong></span> <span class='ocrx_word' id='word_1_14' title='bbox 867 851 907 913; x_wconf 90' lang='lat' dir='ltr'><strong>de</strong></span> <span class='ocrx_word' id='word_1_15' title='bbox 925 850 1116 929; x_wconf 87' lang='lat' dir='ltr'><strong>sequentibus</strong></span> <span class='ocrx_word' id='word_1_16' title='bbox 1135 848 1268 909; x_wconf 71' lang='lat' dir='ltr'>articulis</span> <span class='ocrx_word' id='word_1_17' title='bbox 1295 858 1519 908; x_wconf 83' lang='lat' dir='ltr'><strong>convenerunt:</strong></span> 
     </span>
    </p>

    <p class='ocr_par' dir='ltr' id='par_1_3' title="bbox 446 928 1522 1181">
     <span class='ocr_line' id='line_1_4' title="bbox 486 928 1522 1007; baseline -0.002 -12"><span class='ocrx_word' id='word_1_18' title='bbox 486 934 673 997; x_wconf 76' lang='lat' dir='ltr'><strong>euicerunt.</strong></span> <span class='ocrx_word' id='word_1_19' title='bbox 684 936 846 997; x_wconf 80' lang='lat' dir='ltr'><strong>conventio</strong></span> <span class='ocrx_word' id='word_1_20' title='bbox 855 936 1017 995; x_wconf 87' lang='lat' dir='ltr'><strong>annol80l</strong></span> <span class='ocrx_word' id='word_1_21' title='bbox 1032 934 1104 994; x_wconf 87' lang='lat' dir='ltr'><strong>inita</strong></span> <span class='ocrx_word' id='word_1_22' title='bbox 1113 932 1344 992; x_wconf 75' lang='lat' dir='ltr'><strong>iuter-summum</strong></span> <span class='ocrx_word' id='word_1_23' title='bbox 1352 928 1522 1007; x_wconf 84' lang='lat' dir='ltr'><strong>pontificem</strong></span> 
     </span>
     <span class='ocr_line' id='line_1_5' title="bbox 447 1010 1522 1098; baseline -0.004 -24"><span class='ocrx_word' id='word_1_24' title='bbox 447 1015 533 1074; x_wconf 86' lang='lat' dir='ltr'><strong>Pium</strong></span> <span class='ocrx_word' id='word_1_25' title='bbox 544 1019 598 1077; x_wconf 86' lang='lat' dir='ltr'><strong>vlt</strong></span> <span class='ocrx_word' id='word_1_26' title='bbox 613 1024 643 1076; x_wconf 92' lang='lat' dir='ltr'><strong>et</strong></span> <span class='ocrx_word' id='word_1_27' title='bbox 656 1016 834 1097; x_wconf 68' lang='lat' dir='ltr'><strong>gubernium</strong></span> <span class='ocrx_word' id='word_1_28' title='bbox 846 1017 1038 1098; x_wconf 71' lang='lat' dir='ltr'><strong>gdlicauum,</strong></span> <span class='ocrx_word' id='word_1_29' title='bbox 1054 1032 1120 1092; x_wconf 75' lang='lat' dir='ltr'><strong>que</strong></span> <span class='ocrx_word' id='word_1_30' title='bbox 1134 1013 1166 1073; x_wconf 95' lang='lat' dir='ltr'><strong>in</strong></span> <span class='ocrx_word' id='word_1_31' title='bbox 1180 1010 1423 1077; x_wconf 85' lang='lat' dir='ltr'><strong>meridionalibus</strong></span> <span class='ocrx_word' id='word_1_32' title='bbox 1437 1014 1522 1093; x_wconf 75' lang='lat' dir='ltr'><strong>regni</strong></span> 
     </span>
     <span class='ocr_line' id='line_1_6' title="bbox 446 1092 1519 1181; baseline -0.004 -24"><span class='ocrx_word' id='word_1_33' title='bbox 446 1097 554 1177; x_wconf 71' lang='lat' dir='ltr'><strong>Belgiei</strong></span> <span class='ocrx_word' id='word_1_34' title='bbox 565 1099 724 1175; x_wconf 85' lang='lat' dir='ltr'><strong>provinciis</strong></span> <span class='ocrx_word' id='word_1_35' title='bbox 734 1099 829 1181; x_wconf 72' lang='lat' dir='ltr'><strong>riget,</strong></span> <span class='ocrx_word' id='word_1_36' title='bbox 840 1098 880 1159; x_wconf 86' lang='lat' dir='ltr'><strong>od</strong></span> <span class='ocrx_word' id='word_1_37' title='bbox 888 1097 1130 1177; x_wconf 66' lang='lat' dir='ltr'><strong>septentrionales</strong></span> <span class='ocrx_word' id='word_1_38' title='bbox 1142 1094 1306 1175; x_wconf 79' lang='lat' dir='ltr'><strong>provincius</strong></span> <span class='ocrx_word' id='word_1_39' title='bbox 1315 1092 1519 1171; x_wconf 84' lang='lat' dir='ltr'><strong>applicabitur.</strong></span> 
     </span>
    </p>

    <p class='ocr_par' dir='ltr' id='par_1_4' title="bbox 445 1177 1524 1323">
     <span class='ocr_line' id='line_1_7' title="bbox 485 1177 1524 1323; baseline -0.004 -82"><span class='ocrx_word' id='word_1_40' title='bbox 485 1180 763 1323; x_wconf 43' lang='lat' dir='ltr'><strong>minulfum</strong></span> <span class='ocrx_word' id='word_1_41' title='bbox 779 1182 914 1243; x_wconf 78' lang='lat' dir='ltr'><strong>Diecesis</strong></span> <span class='ocrx_word' id='word_1_42' title='bbox 927 1198 1013 1241; x_wconf 89' lang='lat' dir='ltr'><strong>suum</strong></span> <span class='ocrx_word' id='word_1_43' title='bbox 1033 1178 1217 1257; x_wconf 74' lang='lat' dir='ltr'><strong>Capitulum,</strong></span> <span class='ocrx_word' id='word_1_44' title='bbox 1232 1192 1379 1253; x_wconf 84' lang='lat' dir='ltr'><strong>suumque</strong></span> <span class='ocrx_word' id='word_1_45' title='bbox 1393 1177 1524 1237; x_wconf 87' lang='lat' dir='ltr'><strong>Semina·</strong></span> 
     </span>
     <span class='ocr_line' id='line_1_8' title="bbox 445 1259 672 1323; baseline 0.031 -7"><span class='ocrx_word' id='word_1_46' title='bbox 445 1259 528 1321; x_wconf 88' lang='lat' dir='ltr'><strong>rium</strong></span> <span class='ocrx_word' id='word_1_47' title='bbox 617 1263 672 1323; x_wconf 85' lang='lat' dir='ltr'><strong>bit.</strong></span> 
     </span>
    </p>

    <p class='ocr_par' dir='ltr' id='par_1_5' title="bbox 448 1337 1524 1501">
     <span class='ocr_line' id='line_1_9' title="bbox 488 1337 1524 1421; baseline -0.002 -18"><span class='ocrx_word' id='word_1_48' title='bbox 488 1345 553 1403; x_wconf 78' lang='lat' dir='ltr'><strong>Art.</strong></span> <span class='ocrx_word' id='word_1_49' title='bbox 572 1346 602 1403; x_wconf 75' lang='lat'><strong>3.</strong></span> <span class='ocrx_word' id='word_1_50' title='bbox 619 1344 721 1421; x_wconf 86' lang='lat' dir='ltr'><strong>Quoad</strong></span> <span class='ocrx_word' id='word_1_51' title='bbox 738 1362 837 1403; x_wconf 84' lang='lat' dir='ltr'><strong>casum</strong></span> <span class='ocrx_word' id='word_1_52' title='bbox 856 1345 888 1405; x_wconf 91' lang='lat' dir='ltr'><strong>in</strong></span> <span class='ocrx_word' id='word_1_53' title='bbox 902 1351 959 1404; x_wconf 89' lang='lat' dir='ltr'><strong>art.</strong></span> <span class='ocrx_word' id='word_1_54' title='bbox 981 1346 1019 1404; x_wconf 85' lang='grc'><strong>17</strong></span> <span class='ocrx_word' id='word_1_55' title='bbox 1034 1338 1235 1403; x_wconf 83' lang='lat' dir='ltr'><strong>conventionis</strong></span> <span class='ocrx_word' id='word_1_56' title='bbox 1250 1356 1328 1401; x_wconf 90' lang='lat' dir='ltr'><strong>anno</strong></span> <span class='ocrx_word' id='word_1_57' title='bbox 1345 1340 1421 1401; x_wconf 81' lang='grc'><strong>1801</strong></span> <span class='ocrx_word' id='word_1_58' title='bbox 1442 1337 1524 1401; x_wconf 75' lang='lat' dir='ltr'><strong>initae</strong></span> 
     </span>
     <span class='ocr_line' id='line_1_10' title="bbox 448 1424 846 1501; baseline 0.01 -20"><span class='ocrx_word' id='word_1_59' title='bbox 448 1425 630 1501; x_wconf 73' lang='lat' dir='ltr'><strong>antoninum,</strong></span> <span class='ocrx_word' id='word_1_60' title='bbox 646 1424 677 1484; x_wconf 92' lang='lat' dir='ltr'><strong>id</strong></span> <span class='ocrx_word' id='word_1_61' title='bbox 695 1426 846 1486; x_wconf 70' lang='lat' dir='ltr'><strong>statuitur.</strong></span> 
     </span>
    </p>

    <p class='ocr_par' dir='ltr' id='par_1_6' title="bbox 446 1501 1524 2151">
     <span class='ocr_line' id='line_1_11' title="bbox 487 1501 1517 1585; baseline -0.003 -21"><span class='ocrx_word' id='word_1_62' title='bbox 487 1507 735 1584; x_wconf 75' lang='lat' dir='ltr'><strong>Quotiescumque</strong></span> <span class='ocrx_word' id='word_1_63' title='bbox 745 1506 828 1567; x_wconf 79' lang='lat' dir='ltr'><strong>sedes</strong></span> <span class='ocrx_word' id='word_1_64' title='bbox 837 1504 1105 1585; x_wconf 86' lang='lat' dir='ltr'><strong>archiepiscopalis,</strong></span> <span class='ocrx_word' id='word_1_65' title='bbox 1119 1502 1166 1563; x_wconf 81' lang='lat' dir='ltr'><strong>vel</strong></span> <span class='ocrx_word' id='word_1_66' title='bbox 1172 1501 1346 1582; x_wconf 84' lang='lat' dir='ltr'><strong>episcopalis</strong></span> <span class='ocrx_word' id='word_1_67' title='bbox 1357 1502 1517 1577; x_wconf 71' lang='lat' dir='ltr'><strong>ramses-it,</strong></span> 
     </span>
     <span class='ocr_line' id='line_1_12' title="bbox 446 1582 1522 1667; baseline 0.003 -25"><span class='ocrx_word' id='word_1_68' title='bbox 446 1584 563 1647; x_wconf 83' lang='lat' dir='ltr'><strong>illarum</strong></span> <span class='ocrx_word' id='word_1_69' title='bbox 577 1588 764 1649; x_wconf 80' lang='lat' dir='ltr'><strong>codesiarum</strong></span> <span class='ocrx_word' id='word_1_70' title='bbox 778 1588 905 1667; x_wconf 81' lang='lat' dir='ltr'><strong>capitula</strong></span> <span class='ocrx_word' id='word_1_71' title='bbox 918 1587 997 1647; x_wconf 86' lang='lat' dir='ltr'><strong>intra</strong></span> <span class='ocrx_word' id='word_1_72' title='bbox 1011 1602 1142 1649; x_wconf 87' lang='lat' dir='ltr'><strong>mensem</strong></span> <span class='ocrx_word' id='word_1_73' title='bbox 1156 1603 1172 1645; x_wconf 87' lang='lat' dir='ltr'><strong>a</strong></span> <span class='ocrx_word' id='word_1_74' title='bbox 1192 1582 1241 1644; x_wconf 89' lang='lat' dir='ltr'><strong>dic</strong></span> <span class='ocrx_word' id='word_1_75' title='bbox 1256 1582 1415 1645; x_wconf 81' lang='lat' dir='ltr'><strong>vacationis</strong></span> <span class='ocrx_word' id='word_1_76' title='bbox 1440 1600 1522 1645; x_wconf 79' lang='lat' dir='ltr'><strong>omn-</strong></span> 
     </span>
     <span class='ocr_line' id='line_1_13' title="bbox 446 1662 1524 1749; baseline -0.001 -24"><span class='ocrx_word' id='word_1_77' title='bbox 446 1668 627 1742; x_wconf 83' lang='lat' dir='ltr'><strong>putandum,</strong></span> <span class='ocrx_word' id='word_1_78' title='bbox 642 1669 867 1733; x_wconf 78' lang='lat' dir='ltr'><strong>serenissimum</strong></span> <span class='ocrx_word' id='word_1_79' title='bbox 881 1672 991 1749; x_wconf 73' lang='lat' dir='ltr'><strong>Regem</strong></span> <span class='ocrx_word' id='word_1_80' title='bbox 1005 1666 1161 1729; x_wconf 86' lang='lat' dir='ltr'><strong>certiorem</strong></span> <span class='ocrx_word' id='word_1_81' title='bbox 1173 1663 1237 1725; x_wconf 89' lang='lat' dir='ltr'><strong>lieri</strong></span> <span class='ocrx_word' id='word_1_82' title='bbox 1251 1663 1397 1727; x_wconf 80' lang='lat' dir='ltr'><strong>cumbunt</strong></span> <span class='ocrx_word' id='word_1_83' title='bbox 1417 1662 1455 1725; x_wconf 88' lang='lat' dir='ltr'><strong>de</strong></span> <span class='ocrx_word' id='word_1_84' title='bbox 1468 1682 1524 1724; x_wconf 90' lang='lat' dir='ltr'><strong>uo-</strong></span> 
     </span>
     <span class='ocr_line' id='line_1_14' title="bbox 446 1746 1524 1830; baseline -0.001 -24"><span class='ocrx_word' id='word_1_85' title='bbox 446 1749 576 1809; x_wconf 88' lang='lat' dir='ltr'><strong>minibus</strong></span> <span class='ocrx_word' id='word_1_86' title='bbox 589 1750 813 1812; x_wconf 89' lang='lat' dir='ltr'><strong>candidatorum</strong></span> <span class='ocrx_word' id='word_1_87' title='bbox 822 1751 861 1811; x_wconf 90' lang='lat' dir='ltr'><strong>ad</strong></span> <span class='ocrx_word' id='word_1_88' title='bbox 874 1751 985 1811; x_wconf 90' lang='lat' dir='ltr'><strong>clerum</strong></span> <span class='ocrx_word' id='word_1_89' title='bbox 1000 1749 1083 1830; x_wconf 75' lang='lat' dir='ltr'><strong>regni</strong></span> <span class='ocrx_word' id='word_1_90' title='bbox 1099 1747 1208 1827; x_wconf 71' lang='lat' dir='ltr'><strong>Belgici</strong></span> <span class='ocrx_word' id='word_1_91' title='bbox 1221 1746 1433 1825; x_wconf 75' lang='lat' dir='ltr'><strong>spectantium,</strong></span> <span class='ocrx_word' id='word_1_92' title='bbox 1449 1764 1524 1823; x_wconf 88' lang='lat' dir='ltr'><strong>quos</strong></span> 
     </span>
     <span class='ocr_line' id='line_1_15' title="bbox 446 1827 1520 1911; baseline -0.001 -25"><span class='ocrx_word' id='word_1_93' title='bbox 446 1827 551 1909; x_wconf 73' lang='lat' dir='ltr'><strong>dignos</strong></span> <span class='ocrx_word' id='word_1_94' title='bbox 564 1839 593 1892; x_wconf 89' lang='lat' dir='ltr'><strong>et</strong></span> <span class='ocrx_word' id='word_1_95' title='bbox 607 1831 727 1892; x_wconf 90' lang='lat' dir='ltr'><strong>idoneos</strong></span> <span class='ocrx_word' id='word_1_96' title='bbox 744 1831 783 1892; x_wconf 87' lang='lat' dir='ltr'><strong>ad</strong></span> <span class='ocrx_word' id='word_1_97' title='bbox 795 1831 1085 1911; x_wconf 83' lang='lat' dir='ltr'><strong>archiepiscopalem,</strong></span> <span class='ocrx_word' id='word_1_98' title='bbox 1101 1828 1146 1889; x_wconf 87' lang='lat' dir='ltr'><strong>vel</strong></span> <span class='ocrx_word' id='word_1_99' title='bbox 1162 1827 1354 1906; x_wconf 85' lang='lat' dir='ltr'><strong>episcopalem</strong></span> <span class='ocrx_word' id='word_1_100' title='bbox 1369 1827 1520 1887; x_wconf 76' lang='lat' dir='ltr'><strong>ecclesiam</strong></span> 
     </span>
     <span class='ocr_line' id='line_1_16' title="bbox 446 1908 1523 1992; baseline 0 -26"><span class='ocrx_word' id='word_1_101' title='bbox 446 1911 825 1990; x_wconf 75' lang='lat' dir='ltr'><strong>regendamjudiceverint,</strong></span> <span class='ocrx_word' id='word_1_102' title='bbox 839 1932 971 1992; x_wconf 86' lang='lat' dir='ltr'><strong>quosque</strong></span> <span class='ocrx_word' id='word_1_103' title='bbox 983 1931 1015 1973; x_wconf 87' lang='lat' dir='ltr'><strong>ca</strong></span> <span class='ocrx_word' id='word_1_104' title='bbox 1027 1913 1147 1991; x_wconf 88' lang='lat' dir='ltr'><strong>pietate,</strong></span> <span class='ocrx_word' id='word_1_105' title='bbox 1160 1908 1310 1983; x_wconf 87' lang='lat' dir='ltr'><strong>doctrina,</strong></span> <span class='ocrx_word' id='word_1_106' title='bbox 1321 1926 1356 1967; x_wconf 89' lang='lat' dir='ltr'><strong>ac</strong></span> <span class='ocrx_word' id='word_1_107' title='bbox 1365 1908 1523 1987; x_wconf 86' lang='lat' dir='ltr'><strong>prudentia</strong></span> 
     </span>
     <span class='ocr_line' id='line_1_17' title="bbox 447 1988 1523 2074; baseline -0.002 -23"><span class='ocrx_word' id='word_1_108' title='bbox 447 1991 585 2067; x_wconf 78' lang='lat' dir='ltr'><strong>proditos</strong></span> <span class='ocrx_word' id='word_1_109' title='bbox 598 2012 660 2055; x_wconf 82' lang='lat' dir='ltr'><strong>csse</strong></span> <span class='ocrx_word' id='word_1_110' title='bbox 676 1995 884 2074; x_wconf 74' lang='lat' dir='ltr'><strong>cognoverint,</strong></span> <span class='ocrx_word' id='word_1_111' title='bbox 900 2012 968 2073; x_wconf 70' lang='lat' dir='ltr'><strong>quse</strong></span> <span class='ocrx_word' id='word_1_112' title='bbox 978 1995 1061 2073; x_wconf 83' lang='lat' dir='ltr'><strong>juxta</strong></span> <span class='ocrx_word' id='word_1_113' title='bbox 1076 1992 1202 2053; x_wconf 75' lang='lat' dir='ltr'><strong>ecclesie</strong></span> <span class='ocrx_word' id='word_1_114' title='bbox 1222 1990 1302 2069; x_wconf 76' lang='lat' dir='ltr'><strong>leges</strong></span> <span class='ocrx_word' id='word_1_115' title='bbox 1325 1991 1356 2048; x_wconf 91' lang='lat' dir='ltr'><strong>in</strong></span> <span class='ocrx_word' id='word_1_116' title='bbox 1381 1988 1523 2067; x_wconf 84' lang='lat' dir='ltr'><strong>episcopis</strong></span> 
     </span>
     <span class='ocr_line' id='line_1_18' title="bbox 448 2074 651 2151; baseline 0.025 -22"><span class='ocrx_word' id='word_1_117' title='bbox 448 2074 651 2151; x_wconf 85' lang='lat' dir='ltr'><strong>requiruntur.</strong></span> 
     </span>
    </p>

    <p class='ocr_par' dir='ltr' id='par_1_7' title="bbox 445 2152 1527 2802">
     <span class='ocr_line' id='line_1_19' title="bbox 487 2152 1524 2235; baseline -0.004 -20"><span class='ocrx_word' id='word_1_118' title='bbox 487 2155 518 2215; x_wconf 91' lang='lat' dir='ltr'><strong>Si</strong></span> <span class='ocrx_word' id='word_1_119' title='bbox 532 2154 608 2215; x_wconf 85' lang='lat' dir='ltr'><strong>lorte</strong></span> <span class='ocrx_word' id='word_1_120' title='bbox 620 2175 689 2217; x_wconf 85' lang='lat' dir='ltr'><strong>vero</strong></span> <span class='ocrx_word' id='word_1_121' title='bbox 703 2156 792 2235; x_wconf 75' lang='lat' dir='ltr'><strong>aliqui</strong></span> <span class='ocrx_word' id='word_1_122' title='bbox 811 2176 848 2217; x_wconf 88' lang='lat' dir='ltr'><strong>ex</strong></span> <span class='ocrx_word' id='word_1_123' title='bbox 862 2156 1025 2217; x_wconf 87' lang='lat' dir='ltr'><strong>candidatis</strong></span> <span class='ocrx_word' id='word_1_124' title='bbox 1040 2156 1110 2235; x_wconf 91' lang='lat' dir='ltr'><strong>ipsis</strong></span> <span class='ocrx_word' id='word_1_125' title='bbox 1123 2152 1309 2215; x_wconf 86' lang='lat' dir='ltr'><strong>serenissimo</strong></span> <span class='ocrx_word' id='word_1_126' title='bbox 1329 2152 1402 2229; x_wconf 82' lang='lat' dir='ltr'><strong>liegi</strong></span> <span class='ocrx_word' id='word_1_127' title='bbox 1426 2152 1524 2212; x_wconf 88' lang='lat' dir='ltr'><strong>minus</strong></span> 
     </span>
     <span class='ocr_line' id='line_1_20' title="bbox 447 2232 1522 2318; baseline 0 -25"><span class='ocrx_word' id='word_1_128' title='bbox 447 2236 523 2314; x_wconf 77' lang='lat' dir='ltr'><strong>grati</strong></span> <span class='ocrx_word' id='word_1_129' title='bbox 544 2239 710 2313; x_wconf 76' lang='lat' dir='ltr'><strong>extiterint,</strong></span> <span class='ocrx_word' id='word_1_130' title='bbox 732 2240 889 2317; x_wconf 88' lang='lat' dir='ltr'><strong>capitulae</strong></span> <span class='ocrx_word' id='word_1_131' title='bbox 910 2238 1038 2318; x_wconf 75' lang='lat' dir='ltr'><strong>catalogo</strong></span> <span class='ocrx_word' id='word_1_132' title='bbox 1058 2256 1107 2297; x_wconf 93' lang='lat' dir='ltr'><strong>eos</strong></span> <span class='ocrx_word' id='word_1_133' title='bbox 1121 2236 1277 2309; x_wconf 82' lang='lat' dir='ltr'><strong>delebunt,</strong></span> <span class='ocrx_word' id='word_1_134' title='bbox 1294 2232 1408 2309; x_wconf 87' lang='lat' dir='ltr'><strong>reliquo</strong></span> <span class='ocrx_word' id='word_1_135' title='bbox 1423 2242 1522 2293; x_wconf 88' lang='lat' dir='ltr'><strong>tamen</strong></span> 
     </span>
     <span class='ocr_line' id='line_1_21' title="bbox 447 2313 1524 2393; baseline 0.001 -19"><span class='ocrx_word' id='word_1_136' title='bbox 447 2326 584 2377; x_wconf 85' lang='lat' dir='ltr'><strong>manente</strong></span> <span class='ocrx_word' id='word_1_137' title='bbox 598 2319 755 2379; x_wconf 84' lang='lat' dir='ltr'><strong>sufficienti</strong></span> <span class='ocrx_word' id='word_1_138' title='bbox 775 2318 998 2381; x_wconf 84' lang='lat' dir='ltr'><strong>candidatorum</strong></span> <span class='ocrx_word' id='word_1_139' title='bbox 1022 2336 1160 2393; x_wconf 81' lang='lat' dir='ltr'><strong>numero,</strong></span> <span class='ocrx_word' id='word_1_140' title='bbox 1176 2336 1211 2377; x_wconf 80' lang='lat' dir='ltr'><strong>ex</strong></span> <span class='ocrx_word' id='word_1_141' title='bbox 1226 2333 1286 2393; x_wconf 85' lang='lat' dir='ltr'><strong>quo</strong></span> <span class='ocrx_word' id='word_1_142' title='bbox 1300 2332 1393 2373; x_wconf 82' lang='lat' dir='ltr'><strong>novus</strong></span> <span class='ocrx_word' id='word_1_143' title='bbox 1407 2313 1524 2375; x_wconf 78' lang='lat' dir='ltr'><strong>orchis·</strong></span> 
     </span>
     <span class='ocr_line' id='line_1_22' title="bbox 446 2394 1524 2480; baseline 0 -25"><span class='ocrx_word' id='word_1_144' title='bbox 446 2398 596 2474; x_wconf 85' lang='lat' dir='ltr'><strong>piscopus,</strong></span> <span class='ocrx_word' id='word_1_145' title='bbox 608 2400 654 2459; x_wconf 83' lang='lat' dir='ltr'><strong>vel</strong></span> <span class='ocrx_word' id='word_1_146' title='bbox 666 2402 818 2479; x_wconf 88' lang='lat' dir='ltr'><strong>episcopus</strong></span> <span class='ocrx_word' id='word_1_147' title='bbox 832 2401 901 2480; x_wconf 77' lang='lat' dir='ltr'><strong>eligi</strong></span> <span class='ocrx_word' id='word_1_148' title='bbox 917 2400 1021 2459; x_wconf 85' lang='lat' dir='ltr'><strong>valeat.</strong></span> <span class='ocrx_word' id='word_1_149' title='bbox 1035 2404 1119 2461; x_wconf 84' lang='lat' dir='ltr'><strong>Tunc</strong></span> <span class='ocrx_word' id='word_1_150' title='bbox 1133 2416 1203 2459; x_wconf 86' lang='lat' dir='ltr'><strong>vero</strong></span> <span class='ocrx_word' id='word_1_151' title='bbox 1215 2395 1339 2475; x_wconf 87' lang='lat' dir='ltr'><strong>capitula</strong></span> <span class='ocrx_word' id='word_1_152' title='bbox 1351 2394 1388 2454; x_wconf 88' lang='lat' dir='ltr'><strong>ad</strong></span> <span class='ocrx_word' id='word_1_153' title='bbox 1402 2396 1524 2455; x_wconf 83' lang='lat' dir='ltr'><strong>canoni-</strong></span> 
     </span>
     <span class='ocr_line' id='line_1_23' title="bbox 445 2476 1527 2558; baseline -0.001 -21"><span class='ocrx_word' id='word_1_154' title='bbox 445 2488 510 2537; x_wconf 79' lang='lat' dir='ltr'><strong>cam</strong></span> <span class='ocrx_word' id='word_1_155' title='bbox 521 2478 693 2541; x_wconf 87' lang='lat' dir='ltr'><strong>electionem</strong></span> <span class='ocrx_word' id='word_1_156' title='bbox 706 2482 738 2539; x_wconf 93' lang='lat' dir='ltr'><strong>in</strong></span> <span class='ocrx_word' id='word_1_157' title='bbox 751 2480 1021 2558; x_wconf 83' lang='lat' dir='ltr'><strong>archiepiscopum,</strong></span> <span class='ocrx_word' id='word_1_158' title='bbox 1037 2480 1083 2539; x_wconf 82' lang='lat' dir='ltr'><strong>vel</strong></span> <span class='ocrx_word' id='word_1_159' title='bbox 1097 2481 1264 2558; x_wconf 90' lang='lat' dir='ltr'><strong>episcopum</strong></span> <span class='ocrx_word' id='word_1_160' title='bbox 1278 2477 1366 2535; x_wconf 89' lang='lat' dir='ltr'><strong>unius</strong></span> <span class='ocrx_word' id='word_1_161' title='bbox 1378 2494 1413 2535; x_wconf 88' lang='lat' dir='ltr'><strong>ex</strong></span> <span class='ocrx_word' id='word_1_162' title='bbox 1425 2476 1527 2537; x_wconf 85' lang='lat' dir='ltr'><strong>eandi-</strong></span> 
     </span>
     <span class='ocr_line' id='line_1_24' title="bbox 447 2556 1522 2641; baseline 0.002 -25"><span class='ocrx_word' id='word_1_163' title='bbox 447 2556 522 2617; x_wconf 83' lang='lat' dir='ltr'><strong>datis</strong></span> <span class='ocrx_word' id='word_1_164' title='bbox 531 2560 582 2637; x_wconf 88' lang='lat' dir='ltr'><strong>qui</strong></span> <span class='ocrx_word' id='word_1_165' title='bbox 593 2568 786 2638; x_wconf 84' lang='lat' dir='ltr'><strong>supererunt,</strong></span> <span class='ocrx_word' id='word_1_166' title='bbox 798 2562 882 2641; x_wconf 82' lang='lat' dir='ltr'><strong>juxta</strong></span> <span class='ocrx_word' id='word_1_167' title='bbox 893 2568 1046 2620; x_wconf 89' lang='lat' dir='ltr'><strong>consuetas</strong></span> <span class='ocrx_word' id='word_1_168' title='bbox 1061 2562 1212 2619; x_wconf 83' lang='lat' dir='ltr'><strong>canonicas</strong></span> <span class='ocrx_word' id='word_1_169' title='bbox 1225 2560 1335 2619; x_wconf 84' lang='lat' dir='ltr'><strong>formas</strong></span> <span class='ocrx_word' id='word_1_170' title='bbox 1348 2559 1522 2635; x_wconf 86' lang='lat' dir='ltr'><strong>procedent,</strong></span> 
     </span>
     <span class='ocr_line' id='line_1_25' title="bbox 446 2638 1525 2703; baseline 0 -4"><span class='ocrx_word' id='word_1_171' title='bbox 446 2658 479 2699; x_wconf 90' lang='lat' dir='ltr'><strong>ac</strong></span> <span class='ocrx_word' id='word_1_172' title='bbox 492 2638 700 2701; x_wconf 81' lang='lat' dir='ltr'><strong>documentum</strong></span> <span class='ocrx_word' id='word_1_173' title='bbox 721 2642 872 2703; x_wconf 86' lang='lat' dir='ltr'><strong>electionis</strong></span> <span class='ocrx_word' id='word_1_174' title='bbox 895 2641 927 2702; x_wconf 91' lang='lat' dir='ltr'><strong>in</strong></span> <span class='ocrx_word' id='word_1_175' title='bbox 949 2642 1044 2701; x_wconf 80' lang='lat' dir='ltr'><strong>locrus</strong></span> <span class='ocrx_word' id='word_1_176' title='bbox 1064 2641 1232 2703; x_wconf 87' lang='lat' dir='ltr'><strong>authentica</strong></span> <span class='ocrx_word' id='word_1_177' title='bbox 1247 2640 1325 2700; x_wconf 84' lang='lat' dir='ltr'><strong>intre</strong></span> <span class='ocrx_word' id='word_1_178' title='bbox 1340 2656 1471 2701; x_wconf 87' lang='lat' dir='ltr'><strong>mensem</strong></span> <span class='ocrx_word' id='word_1_179' title='bbox 1486 2639 1525 2699; x_wconf 90' lang='lat' dir='ltr'><strong>ud</strong></span> 
     </span>
     <span class='ocr_line' id='line_1_26' title="bbox 447 2722 1088 2802; baseline 0.005 -22"><span class='ocrx_word' id='word_1_180' title='bbox 447 2739 595 2781; x_wconf 89' lang='lat' dir='ltr'><strong>summum</strong></span> <span class='ocrx_word' id='word_1_181' title='bbox 608 2722 777 2800; x_wconf 83' lang='lat' dir='ltr'><strong>pontificem</strong></span> <span class='ocrx_word' id='word_1_182' title='bbox 790 2724 915 2802; x_wconf 83' lang='lat' dir='ltr'><strong>perlerni</strong></span> <span class='ocrx_word' id='word_1_183' title='bbox 933 2723 1088 2783; x_wconf 85' lang='lat' dir='ltr'><strong>curabunt.</strong></span> 
     </span>
    </p>

    <p class='ocr_par' dir='ltr' id='par_1_8' title="bbox 445 2801 1526 3372">
     <span class='ocr_line' id='line_1_27' title="bbox 487 2801 1526 2884; baseline -0.005 -20"><span class='ocrx_word' id='word_1_184' title='bbox 487 2801 636 2864; x_wconf 78' lang='lat' dir='ltr'><strong>Confectio</strong></span> <span class='ocrx_word' id='word_1_185' title='bbox 647 2822 798 2882; x_wconf 72' lang='lat' dir='ltr'><strong>processus</strong></span> <span class='ocrx_word' id='word_1_186' title='bbox 809 2804 989 2866; x_wconf 80' lang='lat' dir='ltr'><strong>informativi</strong></span> <span class='ocrx_word' id='word_1_187' title='bbox 1003 2822 1092 2884; x_wconf 88' lang='lat' dir='ltr'><strong>super</strong></span> <span class='ocrx_word' id='word_1_188' title='bbox 1104 2809 1181 2864; x_wconf 89' lang='lat' dir='ltr'><strong>statu</strong></span> <span class='ocrx_word' id='word_1_189' title='bbox 1196 2804 1341 2881; x_wconf 78' lang='lat' dir='ltr'><strong>ecclesie,</strong></span> <span class='ocrx_word' id='word_1_190' title='bbox 1355 2808 1384 2862; x_wconf 89' lang='lat' dir='ltr'><strong>et</strong></span> <span class='ocrx_word' id='word_1_191' title='bbox 1393 2802 1526 2878; x_wconf 82' lang='lat' dir='ltr'><strong>qualita-</strong></span> 
     </span>
     <span class='ocr_line' id='line_1_28' title="bbox 447 2882 1524 2966; baseline 0.001 -24"><span class='ocrx_word' id='word_1_192' title='bbox 447 2882 526 2944; x_wconf 87' lang='lat' dir='ltr'><strong>tibus</strong></span> <span class='ocrx_word' id='word_1_193' title='bbox 538 2885 731 2962; x_wconf 84' lang='lat' dir='ltr'><strong>promovendi</strong></span> <span class='ocrx_word' id='word_1_194' title='bbox 744 2887 783 2948; x_wconf 81' lang='lat' dir='ltr'><strong>ad</strong></span> <span class='ocrx_word' id='word_1_195' title='bbox 794 2887 1086 2964; x_wconf 70' lang='lat' dir='ltr'><strong>archiepiscopalem,</strong></span> <span class='ocrx_word' id='word_1_196' title='bbox 1100 2885 1146 2946; x_wconf 81' lang='lat' dir='ltr'><strong>vel</strong></span> <span class='ocrx_word' id='word_1_197' title='bbox 1159 2886 1352 2966; x_wconf 85' lang='lat' dir='ltr'><strong>episcopalem</strong></span> <span class='ocrx_word' id='word_1_198' title='bbox 1373 2883 1524 2944; x_wconf 83' lang='lat' dir='ltr'><strong>ecclesiam</strong></span> 
     </span>
     <span class='ocr_line' id='line_1_29' title="bbox 447 2965 1523 3030; baseline 0 -4"><span class='ocrx_word' id='word_1_199' title='bbox 447 2983 609 3027; x_wconf 83' lang='lat' dir='ltr'><strong>cromano</strong></span> <span class='ocrx_word' id='word_1_200' title='bbox 636 2967 778 3029; x_wconf 90' lang='lat' dir='ltr'><strong>Pontilice</strong></span> <span class='ocrx_word' id='word_1_201' title='bbox 810 2967 848 3029; x_wconf 85' lang='lat' dir='ltr'><strong>ad</strong></span> <span class='ocrx_word' id='word_1_202' title='bbox 870 2969 995 3029; x_wconf 78' lang='lat' dir='ltr'><strong>formam</strong></span> <span class='ocrx_word' id='word_1_203' title='bbox 1023 2967 1224 3030; x_wconf 72' lang='lat' dir='ltr'><strong>instructionis</strong></span> <span class='ocrx_word' id='word_1_204' title='bbox 1242 2968 1292 3030; x_wconf 88' lang='lat' dir='ltr'><strong>iel.</strong></span> <span class='ocrx_word' id='word_1_205' title='bbox 1322 2985 1383 3028; x_wconf 88' lang='lat' dir='ltr'><strong>rec.</strong></span> <span class='ocrx_word' id='word_1_206' title='bbox 1411 2965 1523 3026; x_wconf 83' lang='lat' dir='ltr'><strong>Urbani</strong></span> 
     </span>
     <span class='ocr_line' id='line_1_30' title="bbox 448 3047 1525 3128; baseline -0.002 -21"><span class='ocrx_word' id='word_1_207' title='bbox 448 3049 507 3107; x_wconf 85' lang='lat' dir='ltr'><strong>PP.</strong></span> <span class='ocrx_word' id='word_1_208' title='bbox 523 3051 603 3109; x_wconf 78' lang='lat' dir='ltr'><strong>vill.</strong></span> <span class='ocrx_word' id='word_1_209' title='bbox 612 3047 696 3124; x_wconf 84' lang='lat' dir='ltr'><strong>jussu</strong></span> <span class='ocrx_word' id='word_1_210' title='bbox 708 3047 795 3109; x_wconf 74' lang='lat' dir='ltr'><strong>edito</strong></span> <span class='ocrx_word' id='word_1_211' title='bbox 805 3049 1022 3120; x_wconf 85' lang='lat' dir='ltr'><strong>committetur,</strong></span> <span class='ocrx_word' id='word_1_212' title='bbox 1038 3065 1096 3128; x_wconf 89' lang='lat' dir='ltr'><strong>quo</strong></span> <span class='ocrx_word' id='word_1_213' title='bbox 1109 3055 1245 3127; x_wconf 85' lang='lat' dir='ltr'><strong>accepto,</strong></span> <span class='ocrx_word' id='word_1_214' title='bbox 1261 3049 1285 3110; x_wconf 84' lang='lat' dir='ltr'><strong>si</strong></span> <span class='ocrx_word' id='word_1_215' title='bbox 1301 3053 1437 3110; x_wconf 83' lang='lat' dir='ltr'><strong>summus</strong></span> <span class='ocrx_word' id='word_1_216' title='bbox 1450 3049 1525 3106; x_wconf 80' lang='lat' dir='ltr'><strong>Pon·</strong></span> 
     </span>
     <span class='ocr_line' id='line_1_31' title="bbox 449 3127 1525 3208; baseline 0.003 -23"><span class='ocrx_word' id='word_1_217' title='bbox 449 3127 520 3187; x_wconf 79' lang='lat' dir='ltr'><strong>tifex</strong></span> <span class='ocrx_word' id='word_1_218' title='bbox 542 3130 718 3208; x_wconf 86' lang='lat' dir='ltr'><strong>compererit</strong></span> <span class='ocrx_word' id='word_1_219' title='bbox 740 3129 974 3208; x_wconf 82' lang='lat' dir='ltr'><strong>promovendum</strong></span> <span class='ocrx_word' id='word_1_220' title='bbox 996 3131 1033 3190; x_wconf 88' lang='lat' dir='ltr'><strong>iis</strong></span> <span class='ocrx_word' id='word_1_221' title='bbox 1055 3129 1174 3192; x_wconf 89' lang='lat' dir='ltr'><strong>dotibus</strong></span> <span class='ocrx_word' id='word_1_222' title='bbox 1200 3130 1394 3197; x_wconf 86' lang='lat' dir='ltr'><strong>instructum,</strong></span> <span class='ocrx_word' id='word_1_223' title='bbox 1418 3145 1484 3204; x_wconf 78' lang='lat' dir='ltr'><strong>quas</strong></span> <span class='ocrx_word' id='word_1_224' title='bbox 1507 3147 1525 3188; x_wconf 85' lang='lat' dir='ltr'><strong>a</strong></span> 
     </span>
     <span class='ocr_line' id='line_1_32' title="bbox 448 3209 1526 3290; baseline 0.001 -22"><span class='ocrx_word' id='word_1_225' title='bbox 448 3209 609 3270; x_wconf 85' lang='lat' dir='ltr'><strong>canonibus</strong></span> <span class='ocrx_word' id='word_1_226' title='bbox 631 3211 661 3270; x_wconf 94' lang='lat' dir='ltr'><strong>in</strong></span> <span class='ocrx_word' id='word_1_227' title='bbox 685 3211 820 3290; x_wconf 87' lang='lat' dir='ltr'><strong>episcopo</strong></span> <span class='ocrx_word' id='word_1_228' title='bbox 836 3212 1046 3289; x_wconf 86' lang='lat' dir='ltr'><strong>requiruntur.</strong></span> <span class='ocrx_word' id='word_1_229' title='bbox 1061 3230 1129 3272; x_wconf 90' lang='lat' dir='ltr'><strong>eum</strong></span> <span class='ocrx_word' id='word_1_230' title='bbox 1144 3212 1318 3289; x_wconf 84' lang='lat' dir='ltr'><strong>quantocius</strong></span> <span class='ocrx_word' id='word_1_231' title='bbox 1335 3209 1400 3272; x_wconf 86' lang='lat' dir='ltr'><strong>lieri</strong></span> <span class='ocrx_word' id='word_1_232' title='bbox 1417 3210 1526 3287; x_wconf 88' lang='lat' dir='ltr'><strong>poterit</strong></span> 
     </span>
     <span class='ocr_line' id='line_1_33' title="bbox 445 3290 1413 3372; baseline -0.001 -20"><span class='ocrx_word' id='word_1_233' title='bbox 445 3291 530 3368; x_wconf 78' lang='lat' dir='ltr'><strong>Juxta</strong></span> <span class='ocrx_word' id='word_1_234' title='bbox 539 3297 661 3353; x_wconf 85' lang='lat' dir='ltr'><strong>statutas</strong></span> <span class='ocrx_word' id='word_1_235' title='bbox 674 3292 784 3356; x_wconf 84' lang='lat' dir='ltr'><strong>lormas</strong></span> <span class='ocrx_word' id='word_1_236' title='bbox 796 3309 850 3372; x_wconf 89' lang='lat' dir='ltr'><strong>per</strong></span> <span class='ocrx_word' id='word_1_237' title='bbox 861 3292 1032 3371; x_wconf 82' lang='lat' dir='ltr'><strong>apostolicas</strong></span> <span class='ocrx_word' id='word_1_238' title='bbox 1044 3293 1157 3354; x_wconf 88' lang='lat' dir='ltr'><strong>litteras</strong></span> <span class='ocrx_word' id='word_1_239' title='bbox 1170 3290 1370 3352; x_wconf 83' lang='lat' dir='ltr'><strong>confirmabit.</strong></span> <span class='ocrx_word' id='word_1_240' title='bbox 1404 3329 1413 3337; x_wconf 76' lang='lat'><em>-</em></span> 
     </span>
    </p>

    <p class='ocr_par' dir='ltr' id='par_1_9' title="bbox 449 3373 1528 3696">
     <span class='ocr_line' id='line_1_34' title="bbox 490 3373 1528 3451; baseline -0.004 -17"><span class='ocrx_word' id='word_1_241' title='bbox 490 3373 521 3434; x_wconf 88' lang='lat' dir='ltr'><strong>Si</strong></span> <span class='ocrx_word' id='word_1_242' title='bbox 533 3389 603 3434; x_wconf 84' lang='lat' dir='ltr'><strong>vero</strong></span> <span class='ocrx_word' id='word_1_243' title='bbox 615 3380 668 3434; x_wconf 81' lang='lat' dir='ltr'><strong>tut</strong></span> <span class='ocrx_word' id='word_1_244' title='bbox 680 3373 784 3436; x_wconf 80' lang='lat' dir='ltr'><strong>electio</strong></span> <span class='ocrx_word' id='word_1_245' title='bbox 796 3375 920 3435; x_wconf 75' lang='lat' dir='ltr'><strong>mairac</strong></span> <span class='ocrx_word' id='word_1_246' title='bbox 942 3373 1032 3434; x_wconf 87' lang='lat' dir='ltr'><strong>luerit</strong></span> <span class='ocrx_word' id='word_1_247' title='bbox 1046 3373 1185 3434; x_wconf 86' lang='lat' dir='ltr'><strong>canonice</strong></span> <span class='ocrx_word' id='word_1_248' title='bbox 1198 3381 1330 3451; x_wconf 84' lang='lat' dir='ltr'><strong>peracta,</strong></span> <span class='ocrx_word' id='word_1_249' title='bbox 1345 3381 1397 3434; x_wconf 89' lang='lat' dir='ltr'><strong>aut</strong></span> <span class='ocrx_word' id='word_1_250' title='bbox 1412 3387 1528 3448; x_wconf 84' lang='lat' dir='ltr'><strong>promo·</strong></span> 
     </span>
     <span class='ocr_line' id='line_1_35' title="bbox 449 3452 1528 3532; baseline 0.001 -21"><span class='ocrx_word' id='word_1_251' title='bbox 449 3452 562 3513; x_wconf 84' lang='lat' dir='ltr'><strong>vendas</strong></span> <span class='ocrx_word' id='word_1_252' title='bbox 580 3453 727 3530; x_wconf 76' lang='lat' dir='ltr'><strong>predictis</strong></span> <span class='ocrx_word' id='word_1_253' title='bbox 745 3455 864 3517; x_wconf 83' lang='lat' dir='ltr'><strong>dotibus</strong></span> <span class='ocrx_word' id='word_1_254' title='bbox 884 3456 1045 3516; x_wconf 82' lang='lat' dir='ltr'><strong>instructus</strong></span> <span class='ocrx_word' id='word_1_255' title='bbox 1067 3473 1126 3516; x_wconf 91' lang='lat' dir='ltr'><strong>non</strong></span> <span class='ocrx_word' id='word_1_256' title='bbox 1144 3456 1325 3532; x_wconf 86' lang='lat' dir='ltr'><strong>reperiatur,</strong></span> <span class='ocrx_word' id='word_1_257' title='bbox 1351 3473 1388 3516; x_wconf 81' lang='lat' dir='ltr'><strong>ex</strong></span> <span class='ocrx_word' id='word_1_258' title='bbox 1409 3452 1528 3531; x_wconf 83' lang='lat' dir='ltr'><strong>speciali</strong></span> 
     </span>
     <span class='ocr_line' id='line_1_36' title="bbox 450 3532 1527 3616; baseline 0.002 -23"><span class='ocrx_word' id='word_1_259' title='bbox 450 3532 543 3613; x_wconf 77' lang='lat' dir='ltr'><strong>gnatia</strong></span> <span class='ocrx_word' id='word_1_260' title='bbox 561 3551 694 3596; x_wconf 87' lang='lat' dir='ltr'><strong>summus</strong></span> <span class='ocrx_word' id='word_1_261' title='bbox 706 3536 842 3598; x_wconf 86' lang='lat' dir='ltr'><strong>Pontilex</strong></span> <span class='ocrx_word' id='word_1_262' title='bbox 855 3535 1037 3616; x_wconf 74' lang='lat' dir='ltr'><strong>indulgebit,</strong></span> <span class='ocrx_word' id='word_1_263' title='bbox 1054 3543 1087 3596; x_wconf 92' lang='lat' dir='ltr'><strong>ut</strong></span> <span class='ocrx_word' id='word_1_264' title='bbox 1100 3537 1261 3614; x_wconf 87' lang='lat' dir='ltr'><strong>capitulum</strong></span> <span class='ocrx_word' id='word_1_265' title='bbox 1275 3536 1313 3596; x_wconf 88' lang='lat' dir='ltr'><strong>ad</strong></span> <span class='ocrx_word' id='word_1_266' title='bbox 1328 3553 1434 3596; x_wconf 81' lang='lat' dir='ltr'><strong>noram</strong></span> <span class='ocrx_word' id='word_1_267' title='bbox 1449 3534 1527 3594; x_wconf 88' lang='lat' dir='ltr'><strong>clec-</strong></span> 
     </span>
     <span class='ocr_line' id='line_1_37' title="bbox 450 3616 1339 3696; baseline 0.004 -22"><span class='ocrx_word' id='word_1_268' title='bbox 450 3617 577 3686; x_wconf 91' lang='lat' dir='ltr'><strong>tiouem,</strong></span> <span class='ocrx_word' id='word_1_269' title='bbox 593 3622 741 3694; x_wconf 77' lang='lat' dir='ltr'><strong>utsupra,</strong></span> <span class='ocrx_word' id='word_1_270' title='bbox 756 3617 894 3678; x_wconf 85' lang='lat' dir='ltr'><strong>canonica</strong></span> <span class='ocrx_word' id='word_1_271' title='bbox 908 3616 1047 3678; x_wconf 88' lang='lat' dir='ltr'><strong>methodo</strong></span> <span class='ocrx_word' id='word_1_272' title='bbox 1064 3617 1158 3678; x_wconf 79' lang='lat' dir='ltr'><strong>valect</strong></span> <span class='ocrx_word' id='word_1_273' title='bbox 1170 3616 1339 3696; x_wconf 85' lang='lat' dir='ltr'><strong>procedere.</strong></span> 
     </span>
    </p>

    <p class='ocr_par' dir='ltr' id='par_1_10' title="bbox 451 3693 1528 3858">
     <span class='ocr_line' id='line_1_38' title="bbox 491 3693 1528 3777; baseline -0.002 -21"><span class='ocrx_word' id='word_1_274' title='bbox 491 3693 708 3758; x_wconf 82' lang='lat' dir='ltr'><strong>Ratificationeo</strong></span> <span class='ocrx_word' id='word_1_275' title='bbox 725 3699 877 3777; x_wconf 75' lang='lat' dir='ltr'><strong>presentis</strong></span> <span class='ocrx_word' id='word_1_276' title='bbox 897 3698 1099 3762; x_wconf 85' lang='lat' dir='ltr'><strong>conventionis</strong></span> <span class='ocrx_word' id='word_1_277' title='bbox 1123 3705 1227 3759; x_wconf 91' lang='lat' dir='ltr'><strong>mutuo</strong></span> <span class='ocrx_word' id='word_1_278' title='bbox 1248 3697 1406 3760; x_wconf 88' lang='lat' dir='ltr'><strong>tradentur</strong></span> <span class='ocrx_word' id='word_1_279' title='bbox 1428 3698 1528 3759; x_wconf 76' lang='lat' dir='ltr'><strong>Rome</strong></span> 
     </span>
     <span class='ocr_line' id='line_1_39' title="bbox 451 3776 1264 3858; baseline 0.006 -23"><span class='ocrx_word' id='word_1_280' title='bbox 451 3776 599 3856; x_wconf 74' lang='lat' dir='ltr'><strong>sexaginte</strong></span> <span class='ocrx_word' id='word_1_281' title='bbox 613 3777 730 3840; x_wconf 84' lang='lat' dir='ltr'><strong>dierum</strong></span> <span class='ocrx_word' id='word_1_282' title='bbox 742 3780 853 3858; x_wconf 88' lang='lat' dir='ltr'><strong>spatio,</strong></span> <span class='ocrx_word' id='word_1_283' title='bbox 867 3786 919 3840; x_wconf 82' lang='lat' dir='ltr'><strong>aut</strong></span> <span class='ocrx_word' id='word_1_284' title='bbox 931 3779 1019 3839; x_wconf 87' lang='lat' dir='ltr'><strong>citius</strong></span> <span class='ocrx_word' id='word_1_285' title='bbox 1028 3778 1053 3840; x_wconf 89' lang='lat' dir='ltr'><strong>si</strong></span> <span class='ocrx_word' id='word_1_286' title='bbox 1065 3777 1130 3838; x_wconf 84' lang='lat' dir='ltr'><strong>fieri</strong></span> <span class='ocrx_word' id='word_1_287' title='bbox 1145 3779 1264 3856; x_wconf 78' lang='lat' dir='ltr'><strong>poterit.</strong></span> 
     </span>
    </p>

    <p class='ocr_par' dir='ltr' id='par_1_11' title="bbox 494 3859 1032 3940">
     <span class='ocr_line' id='line_1_40' title="bbox 494 3859 1032 3940; baseline 0.002 -21"><span class='ocrx_word' id='word_1_288' title='bbox 494 3861 601 3920; x_wconf 86' lang='lat' dir='ltr'><strong>Datum</strong></span> <span class='ocrx_word' id='word_1_289' title='bbox 616 3861 718 3923; x_wconf 77' lang='lat' dir='ltr'><strong>Romo</strong></span> <span class='ocrx_word' id='word_1_290' title='bbox 730 3860 780 3922; x_wconf 88' lang='lat' dir='ltr'><strong>die</strong></span> <span class='ocrx_word' id='word_1_291' title='bbox 792 3864 831 3924; x_wconf 87' lang='grc'><strong>18</strong></span> <span class='ocrx_word' id='word_1_292' title='bbox 843 3861 920 3940; x_wconf 87' lang='lat' dir='ltr'><strong>junii</strong></span> <span class='ocrx_word' id='word_1_293' title='bbox 940 3859 1032 3922; x_wconf 70' lang='grc'><strong>1817.</strong></span> 
     </span>
    </p>

    <p class='ocr_par' dir='ltr' id='par_1_12' title="bbox 576 3943 1166 4004">
     <span class='ocr_line' id='line_1_41' title="bbox 576 3943 1166 4004; baseline -0.003 -2"><span class='ocrx_word' id='word_1_294' title='bbox 576 3943 609 4002; x_wconf 88' lang='lat'><strong>1..</strong></span> <span class='ocrx_word' id='word_1_295' title='bbox 633 3945 664 4003; x_wconf 81' lang='lat' dir='ltr'><strong>s.</strong></span> <span class='ocrx_word' id='word_1_296' title='bbox 870 3945 970 4004; x_wconf 84' lang='lat' dir='ltr'><strong>Corra</strong></span> <span class='ocrx_word' id='word_1_297' title='bbox 990 3959 1028 4004; x_wconf 85' lang='lat' dir='ltr'><strong>na</strong></span> <span class='ocrx_word' id='word_1_298' title='bbox 1048 3943 1166 4004; x_wconf 72' lang='lat' dir='ltr'><strong>Cretes.</strong></span> 
     </span>
    </p>

    <p class='ocr_par' dir='ltr' id='par_1_13' title="bbox 578 4023 1020 4086">
     <span class='ocr_line' id='line_1_42' title="bbox 578 4023 1020 4086; baseline -0.002 -4"><span class='ocrx_word' id='word_1_299' title='bbox 578 4023 611 4082; x_wconf 83' lang='lat'><strong>1..</strong></span> <span class='ocrx_word' id='word_1_300' title='bbox 635 4026 667 4084; x_wconf 88' lang='lat' dir='ltr'><strong>S.</strong></span> <span class='ocrx_word' id='word_1_301' title='bbox 876 4025 1020 4086; x_wconf 64' lang='lat' dir='ltr'><strong>osanne</strong></span> 
     </span>
    </p>

    <p class='ocr_par' dir='ltr' id='par_1_14' title="bbox 575 4103 1368 4246">
     <span class='ocr_line' id='line_1_43' title="bbox 576 4103 1368 4166; baseline -0.001 -3"><span class='ocrx_word' id='word_1_302' title='bbox 576 4103 608 4162; x_wconf 81' lang='lat' dir='ltr'><strong>l.</strong></span> <span class='ocrx_word' id='word_1_303' title='bbox 632 4107 663 4164; x_wconf 90' lang='lat' dir='ltr'><strong>S.</strong></span> <span class='ocrx_word' id='word_1_304' title='bbox 870 4108 908 4164; x_wconf 83' lang='grc'><strong>1).</strong></span> <span class='ocrx_word' id='word_1_305' title='bbox 932 4107 1053 4166; x_wconf 73' lang='lat' dir='ltr'><strong>Maurus</strong></span> <span class='ocrx_word' id='word_1_306' title='bbox 1074 4123 1158 4165; x_wconf 78' lang='lat' dir='ltr'><strong>clau.</strong></span> <span class='ocrx_word' id='word_1_307' title='bbox 1181 4106 1368 4166; x_wconf 73' lang='lat' dir='ltr'><strong>cerneretur.</strong></span> 
     </span>
     <span class='ocr_line' id='line_1_44' title="bbox 575 4184 1232 4246; baseline 0.002 -4"><span class='ocrx_word' id='word_1_308' title='bbox 575 4184 609 4242; x_wconf 88' lang='lat' dir='ltr'><strong>l..</strong></span> <span class='ocrx_word' id='word_1_309' title='bbox 633 4187 664 4244; x_wconf 89' lang='lat' dir='ltr'><strong>S.</strong></span> <span class='ocrx_word' id='word_1_310' title='bbox 872 4187 1046 4246; x_wconf 81' lang='lat' dir='ltr'><strong>Fntnuscus</strong></span> <span class='ocrx_word' id='word_1_311' title='bbox 1068 4187 1232 4246; x_wconf 77' lang='lat' dir='ltr'><strong>Canlccuu.</strong></span> 
     </span>
    </p>
   </div>
   <div class='ocr_carea' id='block_1_3' title="bbox 0 0 1794 5625">
    <p class='ocr_par' dir='ltr' id='par_1_15' title="bbox 0 0 1794 5625">
     <span class='ocr_line' id='line_1_45' title="bbox 0 0 1794 5625; baseline 0 0"><span class='ocrx_word' id='word_1_312' title='bbox 0 0 1794 5625; x_wconf 95' lang='lat' dir='ltr'><strong> </strong></span> 
     </span>
    </p>
   </div>
  </div>
 </body>
</html>
