3575 5625
695 639 915 712 -565-

249 791 385 862 fruetus
417 813 458 861 ex
501 803 591 860 certo
624 786 750 879 fundo,
783 813 889 885 eoque
923 787 1096 883 frugifero,
1143 789 1201 862 sed
1238 794 1341 890 ipsam

253 887 359 962 vendi
389 913 532 958 aunuum
577 889 821 984 praestationem
888 888 1032 976 munic,
1073 913 1149 985 quae
1187 915 1224 962 er
1267 913 1341 987 per·

251 1009 338 1057 sonu
371 983 529 1058 debitoris
568 983 725 1082 cupienda
758 999 818 1056 est.
897 986 979 1056 erito
1013 985 1113 1080 igitur
1153 984 1341 1085 hujusmodi

252 1097 445 1155 contractus
483 1081 721 1179 improbandus
763 1097 830 1171 eet,
872 1083 1029 1179 quonism
1065 1105 1180 1153 eerrsus
1226 1087 1341 1181 nequit

253 1183 454 1270 consistere,
492 1182 555 1251 nisi
586 1183 621 1252 in
657 1205 694 1252 re
728 1179 910 1269 immobili,
946 1204 1050 1276 esque
1086 1177 1272 1270 fructifere,
1305 1207 1342 1254 sc

254 1293 347 1349 certe
378 1294 412 1349 et
442 1278 638 1349 nominatim
673 1278 859 1372 designate,
890 1278 931 1348 sit
964 1277 1159 1348 constitutus
1192 1276 1258 1373 (ἢ).
1294 1278 1341 1350 Ac

254 1377 390 1472 turpior
421 1379 521 1446 etium
555 1377 640 1446 inest
667 1399 764 1446 usura
800 1377 837 1444 in
867 1399 967 1446 censu
1001 1370 1182 1470 personali,
1217 1375 1275 1471 qui
1298 1375 1340 1444 ab

257 1487 404 1570 utroque
436 1471 653 1546 contrahente
689 1472 792 1544 deleri
822 1488 857 1543 et
900 1472 1047 1566 extingui
1083 1485 1215 1569 potest,
1258 1496 1339 1568 quo·

258 1571 352 1642 niem
390 1569 447 1643 hie
477 1585 664 1644 contractus
693 1595 824 1643 memm
861 1586 913 1642 est
959 1583 1135 1658 mutuum,
1181 1585 1340 1666 prctercn

261 1665 345 1739 nibil
380 1667 446 1766 (ὅ).

303 1851 348 1934 (Ι)
369 1853 549 1932 Scriptores,
575 1851 628 1932 qui
654 1851 839 1932 personalem
860 1869 981 1914 censum
1001 1849 1165 1912 defendunt
1188 1858 1346 1913 enumeret

261 1934 438 1998 Benedictus
450 1937 520 1998 x1v
534 1932 571 1996 de
582 1931 690 2020 synod
706 1933 823 1997 dioeces.
842 1929 893 1996 bb.
911 1936 952 1995 to
965 1951 1033 2015 cop.
1053 1935 1168 1994 buum.
1186 1935 1217 1994 l.

301 2016 345 2096 (ἢ)
364 2017 472 2080 conier
503 2017 742 2078 constitutionem
763 2019 795 2078 S.
824 2017 869 2078 Pii
892 2017 935 2092 V,
960 2032 1049 2094 quum
1072 2014 1158 2094 panto
1183 2023 1252 2075 unte
1276 2013 1341 2076 leu-

263 2097 343 2158 dari.
361 2101 462 2178 linque
486 2097 616 2159 dubitari
639 2116 699 2158 non
719 2105 831 2178 potest,
856 2097 929 2176 quin
956 2095 1139 2174 personalem
1159 2113 1279 2158 censum
1299 2096 1343 2158 ir·

265 2197 334 2240 cere
354 2197 412 2242 nou
425 2179 513 2240 lioeat
529 2181 562 2241 in
578 2179 616 2240 iis
633 2180 720 2253 loeis,
743 2181 776 2240 in
796 2179 904 2258 quibus
924 2181 1012 2241 Piens
1035 2177 1204 2238 constitutio
1226 2187 1342 2256 receptu

265 2270 326 2338 est,
346 2263 485 2340 quonism
502 2279 536 2321 eu
558 2261 687 2340 postulet
710 2279 775 2322 rem
793 2259 975 2322 immobilem
998 2277 1121 2338 eumque
1142 2257 1340 2334 fructiferum,

263 2361 297 2403 rc
316 2351 428 2405 certem
443 2351 473 2404 et
491 2343 665 2404 nominatim
680 2342 877 2424 designatum,
899 2349 932 2402 ut
956 2343 988 2403 in
1007 2359 1040 2400 ec
1061 2359 1165 2401 census
1180 2341 1341 2402 constituu-

262 2431 325 2484 tur.
348 2425 480 2487 sednon
499 2425 540 2485 ita
557 2432 671 2485 certum
693 2432 752 2499 est,
773 2443 844 2485 num
862 2423 942 2484 idern
967 2423 1006 2484 sit
1025 2421 1180 2484 ferendum
1197 2421 1340 2500 judicium

261 2505 300 2566 de
312 2506 349 2566 iis
365 2507 453 2582 loeis,
475 2507 507 2566 iu
523 2505 632 2584 quibus
652 2505 755 2567 eudem
769 2507 939 2566 constitutio
953 2523 1013 2564 non
1032 2504 1157 2564 obtinet.
1182 2507 1246 2566 Nun
1261 2505 1340 2564 enim

262 2605 297 2647 ea
313 2588 394 2668 viget
418 2587 542 2665 ubique,
568 2588 612 2648 uti
633 2605 721 2668 supra
739 2586 951 2662 animadverti3
971 2593 1099 2664 etporro
1121 2594 1243 2645 uerrunt
1268 2587 1343 2646 Gut-

264 2669 357 2730 ticrea
371 2678 469 2751 proci.
485 2666 537 2730 lib.
554 2671 573 2728 2
613 2677 699 2730 uest.
718 2671 776 2730 177
791 2669 824 2728 in
840 2666 910 2751 fleu,
927 2676 957 2728 et
975 2667 1138 2728 Felieiunus
1153 2663 1189 2726 dc
1215 2663 1292 2726 Solis
1306 2663 1342 2727 de

265 2748 375 2811 censib.
394 2747 444 2813 lib.
468 2753 483 2810 t
507 2768 573 2833 cop.
592 2688 660 2810 lc.
682 2752 717 2826 2,
738 2750 823 2811 Pium
843 2752 869 2811 V
888 2757 993 2829 rogatu
1016 2747 1143 2827 Philippi
1163 2751 1189 2809 11
1208 2748 1342 2826 Hispanis

264 2832 381 2895 dedisse
408 2833 542 2903 venium,
571 2840 605 2891 ut
625 2831 690 2910 ejus
712 2831 930 2892 constitutionis
957 2831 1143 2907 prescripta,
1180 2847 1246 2905 qum
1266 2828 1342 2907 juris

265 2914 407 2975 naturalis
431 2922 483 2973 aut
499 2912 592 2974 divini
615 2932 674 2973 non
692 2922 778 2986 sunt,
797 2912 955 2973 observare
974 2927 1033 2969 non
1060 2916 1245 2988 cogerentur.
1265 2912 1343 2970 Gon-

261 2996 355 3056 trrrio
376 3012 494 3075 quoque
515 3012 585 3069 usu,
611 3012 663 3055 seo
683 2995 815 3075 legitime
836 2993 1005 3071 prescripto
1026 2989 1238 3050 consuetudine
1265 2988 1339 3049 effici

265 3084 377 3155 potest,
396 3076 512 3137 utilite
531 3083 633 3156 gentes
653 3076 758 3137 iisdem
778 3074 909 3155 legibus,
928 3090 994 3151 quse
1013 3070 1051 3131 de
1071 3069 1258 3146 imponendis
1277 3086 1341 3129 cen-

262 3158 376 3219 sibusr
394 3161 426 3220 S.
448 3158 501 3219 Pio
522 3158 729 3219 Vconstitutre
748 3164 834 3233 sunt,
856 3173 915 3214 non
934 3150 1137 3230 subjiciuntur.
1165 3153 1266 3227 ltnque
1295 3148 1341 3211 bis

262 3239 294 3299 iu
316 3239 389 3300 loeis
411 3237 573 3299 videndum
599 3246 661 3314 est,
683 3257 756 3300 num
780 3239 813 3297 in
839 3254 927 3296 ceusu
953 3232 1098 3313 personali
1122 3230 1234 3311 uliquid
1249 3232 1337 3307 insit,

266 3319 348 3398 quod
356 3319 417 3399 juri
432 3319 559 3380 naturali
574 3328 605 3379 et
617 3320 720 3381 divino
738 3320 923 3381 adversetur.
945 3315 1145 3379 Vehementer
1161 3320 1258 3373 tumen
1278 3330 1343 3371 sus-

266 3402 382 3479 picetur
403 3400 578 3463 Benedictus
602 3403 672 3464 XIV
690 3399 746 3463 loe.
766 3401 815 3461 eit.
841 3417 927 3459 uum.
953 3400 986 3474 b,
1014 3394 1093 3475 quod
1116 3396 1146 3455 in
1173 3394 1340 3473 hujusmodi

269 3498 377 3559 censu,
405 3483 569 3561 presertim
597 3482 748 3561 utrimque
777 3479 955 3554 redimibili‚
975 3477 1181 3539 desiderentur
1198 3475 1344 3537 conditio-

263 3580 333 3640 nes,
354 3582 426 3642 qurs
444 3581 504 3625 non
528 3564 623 3624 solum
649 3564 801 3626 Pontificir
824 3560 1009 3636 constitutio,
1034 3559 1086 3621 sed
1108 3559 1195 3619 etiem
1218 3557 1267 3636 jus
1290 3574 1343 3616 ns·

265 3650 345 3705 turre
365 3663 399 3705 ne
412 3644 546 3706 divinum
562 3645 722 3723 postulant.
754 3671 766 3699 u
783 3647 827 3707 Ne
844 3645 884 3705 sit
906 3642 1033 3702 larvatus
1051 3648 1216 3702 contractus
1230 3638 1341 3713 mutui,

263 3733 296 3785 et
314 3734 468 3804 propterea
482 3744 580 3787 eornm
601 3730 664 3787 Deo
684 3726 847 3786 usurarius.
870 3750 883 3779 n
906 3727 1007 3802 ltaque
1027 3730 1107 3783 reete
1130 3730 1244 3791 monet,
1264 3718 1343 3797 quod

264 3823 333 3866 cum
348 3824 382 3867 ea
406 3825 453 3867 res
470 3806 633 3868 noudumu
651 3806 721 3867 sede
739 3806 903 3885 Apostolicn
924 3803 1045 3865 definite
1067 3804 1119 3881 sit,
1147 3802 1178 3862 id
1197 3818 1290 3861 uuum
1304 3798 1341 3859 eb

263 3888 400 3967 episeopo
419 3888 585 3950 iaciendum
608 3896 667 3963 αις
691 3888 799 3948 scilicet
817 3888 842 3949 si
861 3886 978 3947 dioecesi
998 3893 1120 3965 praecst,
1136 3883 1167 3943 in
1182 3901 1239 3960 qur
1265 3880 1343 3959 viget

269 3969 359 4030 Piana
377 3969 562 4045 constitutio,
579 3986 683 4029 curere
699 3970 856 4050 diligenter
875 3966 978 4043 debet,
1000 3986 1038 4027 ne
1052 3964 1218 4045 personales
1241 3978 1344 4019 census

267 4058 369 4111 contra
389 4051 521 4128 ejusdem
537 4050 753 4112 constitutionis
768 4051 972 4129 prescriptum
991 4044 1216 4115 contrahantur3
1242 4048 1343 4101 contra

266 4131 291 4190 si
310 4132 484 4209 praepositus
506 4134 544 4192 sit
563 4132 697 4199 dioeeesi.
715 4133 745 4191 in
761 4150 818 4209 qus
839 4130 941 4190 endem
960 4126 1129 4189 constitutio
1147 4122 1277 4183 moribus
1293 4138 1342 4181 re-

268 4220 351 4291 cepta
370 4230 430 4272 nou
456 4222 515 4285 est,
536 4212 668 4273 monebit
688 4222 776 4291 utque
798 4210 967 4271 hortabitur
987 4208 1176 4281 christianos,
1199 4210 1233 4264 ut
1253 4220 1285 4264 sc
1304 4202 1341 4263 nb
