3575 5625
898 574 1094 645 ...54-

467 742 563 815 sunt,
587 726 653 796 sive
683 722 773 819 quod
808 738 885 793 sunt
912 747 1015 793 csusae
1047 722 1249 794 clericorum.
1286 718 1446 795 Saeculare
1468 725 1532 822 jn·

467 824 588 895 dicium
613 837 673 911 est,
705 823 740 891 iu
762 847 827 918 quo
857 819 899 891 de
926 820 1022 891 rebus
1049 847 1138 893 mere
1166 820 1396 917 temporalibus
1421 847 1531 893 coram

467 922 547 994 laico
578 919 688 1020 judice
727 918 922 1017 disputatur.
965 918 1110 1017 Utraque
1156 917 1279 1016 judicia
1322 914 1531 991 multifariam

467 1017 676 1105 dividuntur,
717 1034 751 1089 et
788 1020 895 1114 primo
935 1015 1068 1113 quidem
1107 1019 1143 1089 in
1175 1019 1363 1115 possessoris
1403 1044 1439 1091 ac
1477 1046 1534 1116 pe·

467 1118 587 1191 titorie.

513 1301 543 1401 §.
572 1299 630 1372 vl.
664 1298 899 1372 Possessorium
926 1298 1087 1399 judicium
1120 1316 1187 1390 est,
1220 1301 1257 1371 in
1282 1290 1354 1397 ‘quo
1389 1299 1431 1370 de
1462 1300 1532 1371 sole

466 1401 685 1498 possessione,
711 1414 768 1468 aut
802 1400 893 1495 quasi
925 1401 1121 1496 possessione
1152 1400 1333 1495 quaeritur,
1365 1397 1431 1469 sive
1458 1398 1533 1469 adi-

468 1496 644 1595 piscenda,
679 1498 743 1567 sive
774 1494 964 1585 retinenda,
996 1498 1061 1568 sive
1097 1495 1316 1594 recuperanda
1346 1495 1412 1592 (l).
1445 1496 1531 1567 Pos-

467 1597 560 1667 sessio
600 1610 650 1667 est
690 1619 801 1665 rerum
835 1593 1070 1691 corporalium,
1105 1598 1196 1691 quasi
1230 1596 1383 1691 possessio
1420 1598 1533 1666 incor-

463 1694 635 1791 poralium.
670 1692 883 1783 Petitorium,
921 1692 1011 1791 quod
1045 1693 1198 1765 domim
1229 1692 1326 1765 litam
1362 1692 1533 1764 duriscon-

463 1792 566 1863 sultus
607 1790 660 1889 (ἢ)
694 1790 853 1888 appellat,
889 1807 956 1880 est,
994 1791 1030 1860 in
1062 1789 1198 1887 quode
1234 1792 1452 1891 proprietate,
1478 1789 1531 1861 rel

464 1890 506 1961 dc
543 1888 605 1960 alio
636 1891 712 1987 jure
746 1891 876 1960 seorsim
913 1915 933 1958 a
964 1891 1160 1986 possessione
1198 1888 1412 1985 disputamus.
1445 1887 1530 1961 Nam

466 1990 645 2085 proprietas
679 1985 760 2055 nihil
790 2010 966 2057 commune
992 1985 1090 2057 habet
1122 1982 1198 2059 ‘cum
1225 1987 1424 2083 possessione
1451 1987 1529 2085 (5);

465 2086 541 2157 licet
568 2083 735 2155 interdum
760 2084 897 2182 majores
933 2082 1066 2181 quidem
1090 2084 1216 2183 judices
1246 2101 1419 2182 utramque
1446 2111 1531 2156 con-

461 2187 615 2283 jungant.
649 2180 801 2279 Separstn
831 2196 941 2253 autem
977 2182 1019 2252 de
1049 2187 1245 2279 possessione
1274 2187 1408 2281 quaestio
1445 2182 1531 2253 illud

465 2282 585 2371 efficit,
621 2297 659 2351 ut
688 2306 727 2351 eo
756 2278 851 2352 finito
878 2279 1023 2377 judicio,
1059 2296 1157 2377 atque
1189 2284 1248 2351 uni
1286 2282 1360 2352 data
1400 2307 1530 2378 posses·

465 2384 573 2467 sione,
620 2382 723 2449 victus
761 2378 876 2451 debeat
917 2381 952 2449 in
991 2380 1141 2475 petitorio
1170 2380 1294 2478 judicio
1328 2382 1383 2478 jus
1434 2405 1530 2451 suum

465 2476 655 2567 ostendere,
708 2476 797 2573 quod
835 2478 895 2547 nisi
940 2479 1129 2574 praestiterit
1174 2504 1224 2549 res
1256 2476 1400 2549 manebit
1441 2478 1531 2575 apud

467 2601 682 2673 possessorem
709 2576 775 2673 (4).

507 2773 550 2858 (t)
570 2779 707 2854 Causam,
727 2774 787 2838 sive
810 2774 999 2856 questionem
1019 2775 1205 2856 possessionis
1226 2778 1314 2858 Greg.
1337 2778 1379 2840 tx
1402 2776 1435 2838 io
1458 2796 1485 2838 e.
1510 2780 1526 2841 t

466 2857 502 2921 de
523 2877 606 2920 cous.
622 2876 747 2941 possess.
771 2868 799 2920 et
813 2859 958 2940 propriet.
980 2877 1095 2921 causum
1118 2859 1259 2921 mouenti
1277 2868 1374 2936 vocat3
1397 2861 1463 2938 quia
1481 2861 1533 2921 ni-

465 2943 574 3002 mirum
594 2950 689 3002 smots
704 2942 783 3002 omni
799 2943 997 3013 cunctatione,
1017 2942 1186 3021 exceptione
1204 2942 1336 3002 celeriter
1349 2941 1530 3022 expedienda

464 3033 525 3100 est,
539 3025 576 3085 t.
592 3042 648 3085 un.
664 3021 729 3084 cod.
752 3021 837 3084 Side
854 3030 993 3084 moment.
1047 3041 1133 3086 ssess.
1157 3021 1266 3106 appell.
1281 3025 1317 3085 t.
1339 3021 1397 3084 ult.
1419 3025 1452 3084 io
1519 3068 1527 3085 .

463 3105 532 3168 cod.
542 3104 735 3188 desumptus.
751 3102 888 3187 sepult.
903 3104 939 3167 ds
953 3041 1052 3166 ordiri.
1063 3105 1170 3190 coquit.
1185 3107 1255 3168 lsid.
1268 3103 1435 3188 Etpmolop.
1447 3103 1472 3166 Γ
1489 3110 1529 3168 .5

471 3215 485 3243 ιι
499 3193 678 3252 Momentum
699 3187 774 3264 dici,
790 3188 902 3266 inquit,
916 3207 935 3249 a
948 3187 1091 3249 brevitate
1107 3189 1262 3268 temporis,
1277 3186 1355 3267 quod
1373 3196 1432 3248 tarn
1454 3188 1529 3264 cito,

465 3289 530 3350 qum
542 3271 655 3346 statim,
673 3269 751 3331 salvo
765 3269 881 3349 negotio
902 3269 1072 3349 principali,
1098 3271 1238 3350 possessio
1258 3272 1449 3340 reformetur,
1475 3289 1532 3331 nee

464 3352 591 3413 inullam
600 3351 908 3430 moramproducatur,
920 3351 1146 3431 protrahatur.»
1162 3355 1225 3428 Qua
1235 3369 1313 3412 exre
1323 3353 1411 3413 etiam
1422 3352 1532 3414 dicitur

464 3433 657 3496 momentaria
678 3433 833 3514 possessio,
856 3433 935 3513 quod
960 3443 1109 3496 momento
1131 3435 1285 3513 temporis,
1313 3453 1379 3494 cum
1405 3435 1437 3495 id
1463 3433 1531 3496 fieri

465 3525 575 3596 potest,
598 3513 780 3576 emendando
802 3523 861 3591 est,
883 3533 989 3594 resque
1009 3515 1200 3576 adscribenda
1217 3516 1276 3592 illi,
1299 3516 1336 3576 ad
1354 3534 1441 3595 quem
1463 3533 1531 3578 esm

464 3615 567 3660 revers
584 3599 733 3678 pertinere
749 3603 871 3657 constat.
894 3601 927 3659 ln
947 3599 984 3658 t.
1008 3601 1025 3659 o
1046 3596 1110 3659 cod.
1130 3595 1269 3660 Tlteodos
1292 3597 1328 3658 de
1352 3597 1479 3660 denunt.
1501 3608 1534 3660 et

465 3679 536 3744 edit.
558 3677 685 3744 rescind.
705 3676 806 3740 celeris
824 3675 979 3742 redhibitio
995 3680 1025 3740 in
1046 3682 1083 3741 L.
1105 3682 1124 3740 la
1145 3678 1211 3741 eod.
1238 3676 1378 3742 Tlteodos.
1399 3680 1478 3741 unde
1498 3682 1530 3741 vi

464 3761 566 3824 celeris
580 3761 709 3824 executio
723 3759 893 3842 appellatur.
908 3763 983 3823 Hinc
992 3781 1080 3824 omne
1092 3761 1298 3838 interdictum,
1310 3762 1389 3842 quod
1401 3764 1532 3842 pertinet

464 3846 502 3910 sd
527 3847 734 3925 possessionem
755 3842 956 3925 retinendam,
980 3843 1211 3924 adipiscendum,
1231 3843 1278 3908 sel
1300 3845 1531 3926 recuperandam

462 3928 687 3990 momentarium
700 3933 755 3987 est.

503 4009 545 4090 (ἓ)
565 4010 602 4070 t.
619 4011 658 4071 18
699 4007 759 4070 .de
775 4009 889 4070 Usuris.

500 4091 542 4172 (5)
564 4093 600 4152 L.
616 4093 655 4152 tt
696 4135 703 4150 .
719 4089 755 4152 de
768 4090 930 4174 Aequiren.
941 4109 1067 4174 possess.

502 4175 544 4256 (l)
564 4173 590 4256 S.
608 4175 708 4237 lostit.
725 4171 760 4236 de
774 4171 931 4235 letterdict.
