3575 5625
908 641 1131 712 -552-

477 791 632 860 trimento
664 805 819 860 mutuum
851 789 1025 878 attribuit,
1064 789 1127 860 boc
1160 805 1209 860 est
1240 785 1387 860 officium
1418 803 1554 884 prestat

475 889 646 984 accipienti
684 885 787 976 utile,
831 885 924 957 denti
959 910 1027 958 non
1069 886 1255 958 molestum.
1298 885 1422 955 Verum
1465 910 1556 982 seepe

475 987 602 1073 evenit,
634 1000 672 1054 ut
703 987 776 1082 quis
814 1012 855 1059 ex
883 986 993 1058 officio
1024 1010 1083 1058 suo
1119 983 1278 1054 damnum
1309 984 1465 1080 accipiat,
1496 998 1556 1053 aut

475 1083 605 1152 amittat
633 1081 784 1172 lucrum,
849 1081 916 1155 uod
946 1083 1101 1180 consequi
1133 1081 1308 1154 debuisset.
1341 1081 1454 1168 Quare
1485 1079 1556 1150 bu·

470 1181 527 1276 jus
567 1179 759 1250 detrimenti
877 1179 944 1251 nda
981 1183 1063 1252 ratio
1090 1196 1140 1251 est
1176 1196 1210 1252 et
1247 1177 1321 1250 ideo
1358 1193 1447 1248 recte
1479 1179 1555 1248 exi-

475 1293 601 1372 guntur
643 1302 751 1350 nsurae
795 1304 865 1351 non
900 1293 1039 1376 propter
1087 1292 1262 1365 mutuum,
1312 1275 1370 1348 sed
1415 1289 1556 1372 propter

476 1374 657 1463 damnum,
695 1374 785 1472 quod
825 1379 861 1448 in
894 1391 1103 1446 mutuantem
1140 1371 1305 1446 redundat
1340 1373 1410 1470 (1).
1446 1373 1495 1442 lta
1527 1373 1553 1440 si

475 1474 549 1568 quis
576 1472 670 1543 alteri
703 1472 861 1546 concedet
890 1473 1049 1562 domum,
1084 1487 1141 1544 out
1176 1485 1299 1560 restes,
1336 1469 1455 1568 quibus
1483 1471 1555 1566 ipse

475 1584 610 1655 utatur,
657 1595 770 1642 eurum
820 1570 974 1644 dominus
1017 1585 1104 1642 recte
1143 1566 1267 1666 aliquid
1305 1570 1444 1668 percipit
1490 1591 1554 1664 pro

476 1692 558 1756 usu,
582 1692 622 1738 ex
652 1693 720 1764 quo
754 1668 913 1740 murnum
940 1670 1047 1765 capit,
1080 1669 1237 1765 quoniam
1272 1691 1323 1738 res
1360 1664 1448 1738 datae
1490 1689 1556 1735 usu

476 1779 642 1835 teruntur.
682 1763 839 1838 Similiter
878 1767 956 1838 dato
998 1763 1143 1862 praedio,
1186 1788 1253 1861 quo
1291 1765 1373 1836 elter
1417 1777 1553 1850 utatur,

475 1861 622 1951 fruatur,
656 1860 810 1936 dominus
840 1865 963 1934 amittit
997 1863 1143 1950 fructus,
1203 1887 1262 1934 uos
1293 1885 1334 1933 ex
1361 1883 1401 1932 eo
1434 1883 1556 1958 perce·

474 1963 595 2056 pinet,
635 1975 670 2030 et
715 1960 777 2032 troc
813 1961 950 2058 quidem
991 1963 1136 2034 renen
1177 1888 1363 2048 damnum,
1404 1959 1555 2056 aeqru'tan

476 2082 661 2153 congruens
687 2073 722 2129 et
743 2062 939 2131 conveniens
963 2075 1023 2130 est.

517 2243 560 2325 (t)
579 2243 754 2308 Benedictus
766 2247 835 2308 xtv
846 2246 898 2308 cit.
911 2243 1025 2328 ecurt.
1040 2253 1102 2308 nrt.
1124 2247 1155 2308 5.
1177 2247 1394 2324 «Nequaquam
1409 2251 1551 2324 negauit,

475 2326 588 2403 inquit,
616 2343 701 2404 posse
725 2327 903 2406 quandoque
927 2345 985 2387 una
1016 2345 1084 2390 cnm
1111 2327 1207 2390 mutui
1233 2333 1385 2388 contractu
1410 2325 1555 2405 quosdam

477 2406 567 2482 elios,
591 2407 748 2486 etaient,
775 2408 888 2484 titulos,
916 2407 1094 2488 eosdemque
1117 2409 1234 2490 ipsimet
1255 2408 1417 2468 universim
1439 2414 1557 2468 nature

476 2487 574 2548 mutui
597 2488 720 2548 minime
737 2489 853 2550 innatae
871 2497 902 2550 et
920 2489 1109 2564 intrinsecos,
1132 2491 1209 2553 forte
1222 2507 1413 2566 concurrere,
1435 2491 1472 2550 ex'
1484 2487 1556 2566 qui-

376 2571 379 2576 '
475 2568 533 2630 bus
543 2569 621 2648 justa
635 2572 757 2631 omnino
777 2570 967 2654 legitimeque
990 2589 1075 2633 cuuaa
1098 2589 1205 2634 consur
1241 2570 1414 2650 tquiddam
1427 2569 1557 2648 amplius

477 2669 566 2730 supra
578 2659 688 2712 sortem
700 2671 737 2714 ex
758 2661 862 2714 mutuo
873 2651 1004 2714 debitam
1024 2656 1082 2714 rito
1100 2655 1146 2714 exi
1227 2655 1247 2715 i.
1263 2656 1366 2732 Neque
1375 2653 1446 2714 item
1462 2669 1557 2734 nega-

477 2742 544 2808 tur,
557 2749 642 2813 pesae
660 2733 811 2796 multoties
831 2735 985 2815 pecuniam
1006 2735 1045 2798 ab
1058 2753 1235 2817 unoquoque
1249 2753 1332 2796 auam
1348 2751 1402 2815 per
1419 2734 1491 2796 alios
1508 2734 1557 2796 di·

476 2832 562 2877 rcrse
585 2834 706 2894 peomne
737 2838 756 2878 a
787 2820 885 2879 mutui
912 2826 1016 2881 natura
1044 2826 1209 2881 contractus
1236 2825 1316 2879 recte
1344 2818 1495 2894 collocari,
1523 2827 1556 2881 et

479 2898 612 2975 impendi
624 2899 687 2959 eive
706 2898 744 2959 ad
757 2908 916 2979 proventus
927 2900 983 2961 sibi
1001 2918 1115 2961 annuos
1131 2898 1365 2979 conquirendos,
1388 2898 1450 2960 sire
1464 2898 1557 2960 etiam
1678 2966 1679 2969 Ἴ

478 2978 516 3040 ad
528 2980 636 3040 licitam
651 2990 845 3042 mercaturam
857 2989 887 3041 et
905 2982 1130 3063 negotiationem
1145 2980 1352 3057 exercendam,
1372 2980 1558 3060 honestaque

480 3061 585 3123 itidem
598 3062 679 3123 lucra
692 3062 890 3143 percipienda.
904 3088 917 3116 n

529 3221 560 3323 ᾗ.
585 3220 660 3291 VH.
687 3220 752 3293 Sed
783 3237 881 3292 etex
908 3222 1047 3318 pecunia
1071 3236 1187 3293 mutuo
1219 3220 1294 3291 data
1322 3220 1398 3293 licet
1429 3221 1559 3294 fructus
1677 3198 1678 3213 ³

480 3322 668 3416 percipere,
705 3318 838 3416 quando
880 3342 971 3390 mora
1007 3316 1181 3407 debitoris,
1222 3321 1280 3415 qui
1320 3318 1460 3391 alienam
1502 3346 1559 3419 pe-

480 3418 611 3487 cuniam
636 3419 777 3505 retinet,
816 3414 909 3486 danti
936 3414 1031 3487 affert
1070 3414 1183 3487 damni
1213 3442 1361 3507 censam,
1402 3433 1461 3489 aut
1499 3418 1558 3488 lu·

481 3536 574 3583 crum
600 3514 716 3584 interni
739 3516 784 3602 it,
814 3512 906 3625 quod
937 3516 1006 3610 ipse
1039 3539 1078 3584 ex
1105 3538 1140 3584 re
1169 3540 1225 3584 sua
1255 3516 1408 3611 consequi
1434 3518 1560 3611 potuis·
1676 3528 1677 3563 r

481 3625 530 3679 set
565 3608 632 3704 (1).
657 3608 708 3681 Sc‘
724 3612 789 3681 icet
811 3636 871 3707 qus
894 3612 1066 3707 pecuniam
1096 3613 1131 3681 in
1161 3610 1296 3683 honesta
1336 3614 1559 3707 negotiatione

480 3704 638 3776 collocare
661 3706 744 3777 solet
764 3725 799 3779 et
823 3731 901 3778 sero
929 3708 1072 3781 ostendit
1096 3732 1130 3778 ee
1161 3708 1308 3780 habuisse
1331 3711 1365 3781 in
1395 3726 1558 3809 promptu

481 3827 626 3893 merces,
653 3828 732 3899 quas
756 3829 945 3902 comparare
969 3807 1144 3903 potuisset,
1178 3808 1204 3877 is
1232 3822 1320 3877 recte
1348 3833 1461 3879 usuras
1483 3834 1559 3905 pos·

482 3900 565 3971 tulat
592 3898 636 3971 ob
663 3900 884 3999 interceptum
914 3904 1044 3976 lucrum
1068 3902 1164 3999 culpa
1192 3919 1226 3974 et
1252 3928 1344 3975 mora
1376 3904 1557 3995 debitoris,
1674 3952 1675 3959 κ

480 4003 540 4096 qui
573 3998 711 4070 alienam
743 4002 916 4098 pecuniam
955 4002 1089 4073 retinuit
1123 3998 1190 4097 (2).
1229 4001 1336 4072 Erunt
1375 4021 1488 4075 autem
1524 4004 1559 4075 hi

481 4096 606 4169 fructus
640 4096 795 4196 adempto
829 4097 921 4172 lucro
968 4124 1060 4198 pares
1091 4115 1124 4170 et
1162 4118 1389 4192 congruentes.
1445 4100 1558 4187 Quare

480 4194 623 4268 creditor
658 4194 916 4287 demonstrabit,
954 4198 1069 4294 quenti
1089 4201 1091 4209 ’
1109 4198 1179 4295 ejus
1220 4199 1389 4271 interesset
1434 4198 1558 4272 babere
1673 4216 1674 4265 t
