3575 5625
905 626 1127 698 ..564-

509 775 552 857 (i)
573 777 756 838 MartinusV
778 774 812 836 io
828 782 987 856 cstrooap.
1014 778 1026 835 i
1049 772 1085 836 da
1108 783 1197 856 empt.
1215 782 1243 835 ct
1262 772 1374 836 uendit.
1398 773 1456 836 int.
1476 794 1551 838 cona

450 854 589 933 'monem
606 866 636 918 ct
654 859 782 920 calixtus
796 860 837 920 111
856 857 889 918 io
910 865 1026 918 extrav.
1044 857 1063 917 ᾖ
1085 853 1151 917 cod.
1167 855 1213 916 tit.
1240 874 1344 918 census
1365 865 1550 919 contractum

469 940 679 1019 approbarunt.
705 943 838 1018 Denique
859 941 890 1001 S.
911 939 980 1000 Pius
998 941 1025 1000 V
1041 944 1134 1000 conat.
1158 939 1232 999 Cum
1256 956 1333 999 onus
1356 939 1415 998 tot
1433 947 1503 1000 tom.
1531 942 1550 1001 i

467 1040 537 1103 por.
558 1023 577 1082 3
599 1017 710 1082 bauer.
737 1021 864 1081 Itonion.
890 1039 966 1104 pop.
995 1020 1033 1080 52
1056 1027 1149 1080 certas
1177 1021 1329 1080 constituit
1357 1020 1452 1101 leges,
1479 1039 1550 1100 quas

469 1119 571 1163 omncs
591 1102 747 1163 observare
768 1107 899 1180 oportet,
924 1109 959 1162 ut
980 1119 1086 1163 census
1111 1108 1191 1162 recte
1209 1102 1417 1162 constituatur.
1444 1103 1550 1164 dicrito

468 1192 568 1244 tamen
584 1191 684 1244 monet
702 1183 877 1245 Benedictus
899 1186 967 1247 XIV
986 1180 1022 1244 da
1040 1181 1148 1266 synod.
1171 1180 1286 1244 dioeces.
1312 1181 1363 1244 tio.
1389 1185 1427 1244 to
1441 1202 1511 1264 cop.
1532 1188 1549 1246 t

469 1283 556 1326 aum.
578 1266 613 1340 d,
635 1266 713 1345 tegas
732 1265 814 1339 illas,
833 1283 904 1343 qum
920 1263 958 1325 de
979 1263 1166 1344 imponendis
1189 1265 1326 1326 censibus
1346 1285 1364 1326 a
1390 1268 1422 1328 S.
1443 1265 1497 1328 Pio
1523 1268 1549 1328 V

469 1355 539 1406 sunt
551 1346 733 1418 constitutae,
756 1364 881 1425 quaque
895 1353 1010 1407 tantum
1021 1345 1098 1424 juris
1114 1346 1232 1426 positivi
1250 1354 1336 1422 sunt,
1355 1346 1387 1406 iu
1410 1346 1447 1406 iis
1459 1345 1548 1424 iocis,

468 1427 619 1506 inquibus
634 1427 723 1490 Piann
734 1428 905 1490 constitutio
919 1447 974 1489 usu
989 1435 1106 1507 recepta
1120 1446 1181 1488 non
1192 1434 1253 1505 ost,
1268 1446 1327 1488 uon
1342 1427 1507 1489 observari.

518 1556 548 1657 §.
584 1557 668 1632 XX.
701 1557 844 1631 Servatis
875 1560 1047 1650 omnibus,
1080 1581 1159 1656 quae
1190 1583 1317 1630 serrare
1352 1557 1546 1648 oortebat,

470 1656 611 1728 creditor
639 1657 696 1755 jus
723 1659 860 1754 acquirit
892 1673 998 1729 oartos
1026 1683 1066 1728 ex
1099 1657 1267 1752 designato
1305 1584 1409 1728 funXo
1441 1659 1551 1753 peroi-

472 1751 584 1848 piendi
612 1753 756 1844 fructus,
787 1770 846 1825 aut
878 1754 995 1826 horum
1028 1754 1100 1828 looo
1131 1755 1198 1824 rim
1224 1767 1348 1825 eertum
1379 1757 1549 1850 pecuniae,

469 1849 552 1919 iilud
578 1867 703 1940 autem,
730 1851 822 1948 quod
854 1853 924 1949 ipse
950 1855 1156 1940 numeravit,
1190 1852 1333 1948 pretium
1367 1853 1411 1922 ita
1450 1855 1551 1922 amit-

469 1949 531 2036 tit,
563 1964 602 2018 ut
632 1965 779 2044 repetere
806 1973 865 2022 suo
892 1947 1002 2021 lubitu
1036 1963 1187 2046 nequeat.
1221 1947 1312 2019 Licet
1344 1962 1457 2018 tamen
1487 1948 1551 2020 de·

470 2043 569 2116 bitori
619 2048 764 2141 pretinm
810 2049 917 2144 ipsum
956 2048 1146 2136 restituere,
1186 2062 1285 2142 atque
1329 2047 1374 2116 ita
1411 2071 1446 2118 se
1487 2070 1553 2118 aere

471 2137 576 2213 alieno
615 2159 650 2213 ct
697 2167 811 2214 cousus
847 2167 948 2215 onere
986 2143 1141 2230 liberare,
1185 2168 1301 2214 rerum
1349 2141 1432 2214 duos
1470 2161 1547 2215 ante

470 2262 667 2312 mansonis
688 2255 756 2313 tota
779 2239 961 2312 nuntianda
979 2257 1013 2314 et
1031 2239 1205 2339 aperienda
1226 2239 1380 2313 creditori
1401 2256 1452 2313 est
1475 2241 1546 2339 (1).

512 2406 555 2488 (i)
575 2411 607 2471 S·
623 2410 693 2471 Pius
707 2413 734 2472 V
750 2411 802 2471 cit.
815 2418 908 2473 conat.
927 2414 1002 2472 Cum
1015 2412 1130 2495 ora-uas.
1150 2415 1199 2475 it.
1284 2465 1287 2472 .

520 2559 552 2659 §.
585 2559 685 2634 xxi.
720 2564 830 2662 Atque
864 2565 917 2638 hio
949 2565 1085 2664 quidem
1114 2593 1229 2640 census
1260 2569 1369 2642 realia
1404 2567 1550 2658 dicitur,

471 2661 625 2825 ‹pponiam
654 2658 793 2734 inhaerat
825 2665 890 2753 rai,
921 2663 984 2737 hoo
1014 2681 1063 2736 cst
1088 2665 1213 2756 fundo,
1247 2668 1303 2764 qui
1336 2668 1405 2765 ejus
1437 2665 1554 2764 hypo-

471 2771 574 2829 tecte
600 2757 710 2831 subest
745 2773 778 2832 et
810 2786 848 2832 er
884 2787 952 2859 quo
992 2760 1119 2835 fructus
1155 2766 1395 2861 percipiuntur.
1447 2763 1554 2836 Dissi-

470 2852 556 2925 milis
595 2872 645 2927 est
676 2858 759 2931 ratio
802 2884 937 2951 census,
998 2886 1075 2931 uem
1112 2864 1334 2959 percursolem
1374 2886 1550 2953 vocamus,

472 2955 629 3048 quoniam
665 2981 735 3027 non
764 2983 863 3054 super
898 2983 934 3029 ro
974 2888 1082 3054 ffliqua
1125 2958 1279 3054 frugifera
1320 2963 1549 3051 constituitur,

471 3050 528 3121 sed
568 3078 666 3153 super
699 3055 768 3150 ipsa
802 3080 939 3152 persona
974 3054 1173 3147 venditoris,
1214 3060 1271 3155 qui
1308 3056 1368 3129 sibi
1399 3056 1452 3129 rel
1483 3062 1552 3130 suis

472 3150 568 3218 etiam
599 3148 783 3223 haeredibus
823 3178 907 3225 onus
945 3154 1086 3249 imponit
1127 3170 1249 3225 certam
1284 3180 1353 3253 quo
1378 3182 1420 3227 ue
1462 3181 1553 3229 anno

471 3248 643 3341 pecuniam
670 3249 815 3322 solvendi
836 3252 996 3348 emptori,
1024 3275 1064 3321 ex
1089 3252 1247 3322 industria
1270 3269 1304 3325 et
1329 3182 1443 3325 ia‘irore
1475 3278 1548 3326 suo.

471 3340 539 3426 Qui
580 3343 715 3439 quidem
750 3372 865 3417 census
902 3346 994 3419 realis
1032 3374 1102 3421 non
1147 3348 1307 3443 efficitur,
1346 3376 1550 3447 quamquam

470 3437 636 3509 interdum
673 3442 771 3513 detur
809 3442 1013 3542 hypotheca,
1055 3462 1092 3518 ut
1132 3472 1182 3517 res
1217 3473 1273 3518 sua
1313 3452 1353 3518 sit
1394 3448 1551 3522 creditori

471 3537 614 3623 acutior,
659 3542 815 3633 quoniam
845 3557 1006 3635 pereunte
1048 3568 1105 3633 re,
1148 3568 1222 3641 quae
1264 3543 1451 3645 hypotheca
1500 3562 1550 3617 te-

470 3646 586 3720 netur,
629 3658 696 3705 nou
728 3638 814 3733 perit
844 3663 977 3728 census,
1012 3644 1060 3711 uti
1090 3645 1199 3713 evenit
1232 3644 1267 3714 iu
1304 3668 1404 3715 censu
1447 3642 1549 3731 reali,

472 3731 529 3827 qui
572 3730 700 3844 toilitnr
743 3749 777 3804 et
813 3738 1006 3831 perimitur,
1059 3756 1232 3839 perempto
1279 3740 1402 3833 tundo,
1452 3766 1553 3839 super

474 3852 541 3924 quo
566 3843 762 3903 constitutus
792 3847 853 3903 est.

517 3976 548 4078 ᾗ.
579 3976 689 4050 xxti.
735 3980 929 4054 Contractus
970 3981 1023 4053 hio
1059 3982 1252 4081 quibusdam
1284 4001 1333 4057 est
1364 3989 1452 4059 risus
1491 4014 1550 4061 ex-

469 4102 544 4173 pers
583 4077 819 4177 turpitudinis,
853 4106 929 4177 quae
964 4082 1000 4151 in
1034 4084 1138 4154 usuris
1178 4084 1262 4155 inest
1301 4083 1374 4181 (i),
1417 4102 1453 4157 et
1485 4086 1549 4158 hoc

471 4173 676 4272 exploratum
712 4195 780 4269 est,
819 4202 880 4275 per
920 4204 997 4251 eum
1033 4179 1129 4253 rendi
1160 4205 1227 4255 uon
1260 4182 1317 4280 jus
1345 4182 1547 4283 percipiendi
