3575 5625
717 698 860 769 -285
887 735 936 754 -

277 844 471 925 macbiapud
493 844 630 907 eumdem
650 844 683 906 in
704 838 875 929 Spmmuclt.
898 850 1102 931 00001000.
1126 849 1359 927 170,10000010

278 927 514 1009 conflagrarunt.
538 927 650 990 Similia
664 926 754 988 babes
767 928 845 1005 apud
863 930 1038 1009 Gregorium
1057 934 1097 991 ll.
1115 928 1164 992 lib.
1182 934 1201 993 0
1216 932 1301 1015 epist.
1318 935 1358 994 00

278 1028 353 1091 opp.
375 1010 488 1070 10001
510 1006 565 1069 001.
588 1010 649 1071 010
671 1006 743 1069 edit.
767 1010 869 1070 Puris.
896 1012 991 1085 17011,
1014 1029 1102 1088 quern
1122 1012 1269 1075 inlocum
1293 1033 1358 1075 mo-

278 1090 372 1151 naobi
384 1108 401 1151 e
415 1091 641 1171 congregatione
656 1092 688 1151 S.
705 1090 798 1151 ldeuri
813 1090 974 1151 rectissime
991 1092 1186 1168 adnotarunt,
1216 1119 1230 1148 ι
1243 1098 1358 1175 Agnos-

278 1172 407 1233 eeudam
430 1172 616 1233 eesescilieet
632 1172 664 1232 iu
688 1174 812 1233 Roman.
834 1171 1025 1233 Pontificibus
1046 1172 1138 1233 libros
1161 1172 1273 1253 aliquos
1288 1194 1375 1253 pro-.

278 1252 408 1315 bibendi
440 1258 611 1332 potestatem
635 1259 665 1312 01
690 1254 948 1330 cousuetudinem,
979 1254 1027 1314 cui
1054 1272 1159 1333 parere
1181 1254 1388 1317 tenebantur'

279 1336 376 1395 etiam
390 1334 540 1395 orientalis
564 1335 693 1395 enclosiae
712 1334 838 1408 alumni,
867 1335 1143 1413 constantinopolit.
1169 1336 1358 1415 patriarchae,

278 1424 339 1477 aut
352 1416 434 1475 alteri
459 1416 567 1493 alioqui
589 1415 710 1477 subditi.
727 1441 741 1469 a
767 1418 831 1477 lloc
853 1416 943 1477 etiarn
956 1423 1067 1495 spectat
1085 1415 1241 1477 concilium
1265 1421 1362 1480 Turo-

279 1514 381 1557 nense
393 1516 439 1557 au.
456 1498 513 1557 007
536 1514 606 1558 cco.
621 1499 677 1575 20,
694 1496 772 1575 apud
786 1496 935 1558 babbcuua
950 1506 1022 1559 toro.
1047 1499 1065 1559 0
1087 1495 1194 1559 emnil.
1211 1495 1360 1576 001011,

279 1578 373 1656 cujus
387 1577 447 1639 banc
464 1576 552 1639 rcrba
570 1585 656 1639 sunt:
679 1602 692 1631 ι
704 1581 740 1639 Et
761 1596 889 1656 quorum
902 1586 1055 1640 auctorum
1069 1580 1167 1639 valere
1181 1580 1271 1658 possit
1284 1598 1363 1658 prac-

278 1659 412 1737 dioutio,
436 1657 491 1720 nisi
512 1678 585 1737 quos
609 1658 693 1719 sedes
717 1660 879 1738 Apostolica
904 1668 956 1721 aut
982 1678 1099 1738 semper
1117 1660 1293 1736 intromisit,
1312 1669 1387 1742 aut,

279 1738 468 1820 apocryphos
492 1740 584 1800 iecit?
608 1748 638 1801 et
659 1743 760 1802 Patres
790 1740 882 1801 nostri
909 1742 966 1802 boo
993 1759 1111 1819 semper
1138 1741 1361 1818 custodierunt,

279 1820 367 1901 quod
379 1838 481 1883 eorum
495 1822 634 1900 precepit
646 1822 837 1882 0001001100.»
862 1819 946 1883 Adde
959 1840 1061 1883 curam
1074 1830 1104 1881 et
1117 1822 1362 1898 sollicitudiuem,

280 1918 377 1981 quam
394 1920 510 1981 semper
528 1902 760 1981 prestantissimi
783 1902 1018 1981 sanctissimique
1038 1903 1096 1964 riri
1120 1902 1310 1985 babuerunt,
1329 1912 1364 1963 01

280 2000 389 2045 eurum
409 1982 516 2062 scripta
540 1983 647 2045 summi
670 1982 819 2045 Pontificio
840 1983 953 2062 judicio
972 1984 1181 2064 probarentur.
1203 1985 1363 2063 Dionysius

283 2064 502 2127 Alexandrinus
523 2064 561 2125 ad
576 2065 749 2143 Dionysium
768 2064 893 2125 alterum
912 2083 1061 2126 summum
1083 2064 1256 2127 Pontificem
1272 2065 1364 2126 libros

282 2154 413 2224 quatuor
433 2146 533 2219 misit,
550 2152 583 2206 ut
605 2146 668 2225 ipae
677 2146 840 2225 judiearet,
861 2165 934 2206 uum
959 2146 1024 2225 ejus
1045 2154 1126 2207 rectu
1147 2154 1223 2207 essct
1237 2145 1275 2205 de
1297 2146 1365 2208 'l'ri-

283 2226 382 2287 nitote
404 2222 493 2304 lidos,
509 2226 547 2285 de
570 2245 628 2305 quo
654 2226 743 2306 aliqui
767 2225 985 2287 dubitaverant.
1012 2227 1114 2288 bibres
1138 2228 1210 2287 item
1237 2234 1364 2304 quatuor

283 2317 388 2368 eontra
407 2308 480 2370 duas
498 2308 721 2388 Pelagianorum
742 2308 855 2367 litteras
878 2309 916 2368 ad
932 2309 1114 2370 Bonilacium
1137 2312 1171 2371 P.
1197 2307 1278 2367 misit
1300 2310 1362 2368 Au-

282 2389 422 2471 gustinus
435 2388 624 2471 0130100000,
641 2406 704 2450 sese
718 2406 752 2450 ee
766 2390 874 2466 scripta
893 2390 1012 2451 mittere
1031 2406 1092 2450 000
1116 2397 1179 2449 tom
1202 2386 1359 2465 discendo,

282 2488 384 2613 guum
397 2468 615 2547 examinando,
638 2479 667 2531 et
679 2468 731 2531 ubi
749 2468 882 2551 forsitan
903 2468 1022 2555 aliquid
1041 2468 1244 2552 displicuerit,
1264 2488 1363 2530 muca-

309 2549 414 2627 00010,
428 2552 606 2632 Augustinus
626 2568 696 2633 opp.
712 2558 782 2612 torn.
809 2552 848 2612 10
872 2548 928 2613 001.
942 2550 1003 2613 153
1023 2549 1070 2611 cd.
1090 2554 1191 2613 Vocet.
1210 2552 1301 2612 1715.
1319 2554 1362 2610 00
1489 2609 1492 2615 .

282 2632 416 2695 cuano
436 2633 595 2694 Arelatensi
614 2633 716 2693 scribit
730 2632 900 2695 Gennadius
922 2631 1082 2713 descript.
1107 2630 1206 2693 eccles.
1230 2648 1297 2713 cop.
1322 2633 1362 2692 00

284 2715 327 2775 ira
337 2722 406 2775 1000.
421 2714 440 2772 2
453 2732 522 2794 opp.
537 2716 569 2775 S.
588 2714 710 2775 Hieron.
727 2712 798 2774 edit.
820 2716 926 2776 Veron.
944 2712 1000 2775 eol.
1025 2715 1085 2774 901
1099 2713 1203 2791 ,quod
1215 2712 1277 2790 ipse
1290 2730 1308 2765 ἰι
1320 2717 1364 2792 De

283 2796 383 2878 gratia
404 2813 521 2874 quoque
551 2803 580 2856 et
606 2795 700 2856 libero
729 2794 851 2856 arbitrio
876 2795 971 2856 edidit
996 2795 1162 2871 testimonia
1190 2794 1363 2855 Divinarum

285 2877 525 2954 scripturarum,
558 2885 588 2937 et
620 2879 793 2938 Sanctorum
823 2881 945 2937 Petrum
976 2875 1096 2954 judiciis
1126 2877 1240 2934 munita
1244 2917 1360 2935 .....

285 2957 375 3034 Quod
398 2973 472 3035 opus
498 2957 586 3018 ctiam
613 2960 690 3037 Papa
718 2957 799 3018 Felix
822 2975 875 3035 per
907 2975 989 3016 suern
1017 2955 1169 3035 epistolam
1195 2955 1361 3029 roboravit,

285 3047 322 3100 et
339 3039 369 3098 in
386 3038 474 3099 latius
490 3037 723 3120 promulgarit.»
746 3041 811 3116 lpse
829 3037 998 3100 Gennadius
1015 3055 1081 3118 cop.
1104 3038 1143 3095 99
1161 3042 1195 3095 01
1212 3037 1272 3097 100
1289 3032 1362 3094 abiel.

284 3117 345 3182 cul.
362 3119 533 3181 00901990
542 3128 683 3195 testatur,
696 3137 781 3180 suum
797 3136 829 3178 se
839 3118 877 3177 de
889 3118 949 3177 lide
962 3119 1073 3177 librum
1087 3116 1192 3178 Gelasii
1204 3119 1237 3176 Ρ.
1251 3114 1363 3192 judicio

287 3199 463 3278 subjecisse,
488 3201 683 3280 eumdemque
706 3200 853 3262 Gelasium
884 3199 1024 3260 llonorati
1047 3197 1236 3259 Massiliensis
1257 3195 1364 3274 scripta

285 3281 475 3360 approbasse.
491 3285 566 3344 Sunt
585 3283 673 3344 etiem
696 3281 804 3344 Nicolni
819 3283 832 3342 l
849 3279 999 3341 pontificis
1019 3279 1148 3339 celebres
1161 3276 1364 3355 responsiones

286 3360 477 3425 adcensuit.
494 3361 716 3445 Bulpororum,
733 3361 864 3440 0100010
879 3361 928 3421 bis
940 3379 1026 3422 oum.
1048 3361 1108 3422 105
1122 3358 1200 3437 apud
1214 3357 1363 3419 labbeum

287 3441 398 3506 concil.
422 3446 527 3505 10009
550 3441 604 3505 eol.
632 3446 729 3520 1000,
744 3443 866 3503 retineri
881 3450 1020 3502 vetantur
1040 3451 1069 3503 et
1086 3441 1209 3502 emmeri
1221 3438 1366 3518 jubentur

289 3529 502 3589 Saracenorum
530 3526 616 3601 libri,
646 3543 719 3603 quos
750 3525 867 3602 Bulgari
897 3523 1089 3584 abstulerant.
1119 3521 1197 3598 Quid
1225 3520 1365 3581 adversus

288 3605 392 3669 Pbotii
417 3607 525 3682 libros,
547 3607 655 3686 quibus
681 3605 769 3666 bomo
790 3604 991 3665 schismaticus
1014 3622 1163 3665 summum
1192 3602 1364 3662 Pontificem

287 3687 450 3766 sedemque
464 3689 657 3766 Apostoliosm
669 3687 861 3747 audacissime
883 3685 1097 3761 insectabatur,
1122 3685 1160 3744 ab
1175 3683 1323 3744 lladriauo
1337 3687 1364 3744 ll

288 3768 435 3832 Pantiliee
445 3775 542 3829 actum
556 3770 661 3844 luerit,
677 3776 790 3829 constat
806 3785 841 3827 ex
856 3767 978 3827 concilio
1000 3771 1131 3828 llomcuo
1145 3783 1193 3825 au.
1211 3767 1272 3825 008
1285 3763 1363 3842 apud

287 3848 441 3913 labbeum
464 3857 535 3910 tum.
559 3853 599 3911 10
626 3846 683 3910 col.
716 3851 797 3924 117,
824 3855 913 3926 atque
938 3847 995 3908 boo
1016 3849 1136 3926 quidem
1159 3847 1268 3906 lactum
1295 3847 1364 3905 Vlll

290 3929 492 3992 Ollcurnenico
505 3932 627 3991 concilio
644 3931 799 4008 probatum
814 3937 858 3989 est
868 3937 928 3989 oct.
946 3930 963 3988 7
980 3930 1057 4005 apud
1073 3927 1221 3989 labbeum
1236 3933 1308 3986 tom.
1326 3925 1365 3982 10

287 4007 349 4073 col.
369 4011 440 4071 017.
457 4011 583 4072 1000000
604 4012 748 4073 Diaconos
759 4010 797 4069 ad
821 4014 964 4073 loannem
986 4013 1053 4069 Vlll
1074 4007 1245 4069 Pontillcem
1260 4003 1364 4063 0000010

288 4093 397 4153 eodem
418 4095 460 4154 lx
484 4093 614 4154 0000000
637 4089 673 4152 de
700 4094 731 4152 S.
764 4093 887 4173 Grcpor.
915 4089 1024 4172 Mopsi
1043 4088 1107 4148 cito
1133 4097 1202 4147 tom.
1233 4086 1252 4144 1
1282 4101 1362 4162 oper.

289 4174 328 4234 S.
342 4172 545 4255 0009000011.
560 4174 661 4235 Poris.
678 4171 733 4233 col.
750 4175 790 4232 00
808 4199 821 4226 ι
833 4177 980 4244 Romano,
997 4171 1109 4248 inquit,
1123 4165 1272 4238 Pontifici,
1285 4167 1365 4224 Deus

287 4254 479 4333 omnipotens
503 4255 722 4333 probandorum
749 4271 800 4314 seu
831 4251 1072 4333 expellendorum
1098 4249 1274 4326 scriptorum
1299 4263 1365 4306 om-
