3575 5625
670 626 887 698 ..185-

233 778 400 858 Bitlryuiae,
423 775 580 839 Thessalica
599 784 629 837 et
650 777 758 838 liteaioe
778 777 815 837 ad
840 777 955 839 Siatum
977 780 1017 840 lll
1040 778 1250 860 confugerunt,
1273 787 1307 839 ut

232 868 348 920 constat
366 878 402 920 ex
423 876 525 919 eoram
546 858 665 937 epistola
687 858 765 937 apud
784 859 986 921 coustantium
1003 856 1058 920 col.
1082 864 1160 921 1115
1183 870 1211 921 et
1228 878 1304 943 aeq,

234 941 338 1005 ldduoe
360 940 538 1004 Smirnensis
562 940 688 1021 episcopi
714 939 750 1000 ad
777 939 914 1001 eumdem
938 941 1052 1002 sixtum
1077 945 1136 1019 lll,
1162 944 1214 1019 qui
1241 961 1307 1003 cam

232 1025 478 1105 mammotrepti
498 1022 566 1083 aad
589 1019 644 1084 ool.
667 1023 744 1083 1166
757 1021 835 1101 apud
850 1022 1062 1085 coustantium.
1086 1027 1130 1085 Da
1151 1023 1307 1085 Gallicanis

232 1104 479 1185 appellationibus
494 1103 608 1165 oelebre
624 1111 668 1165 eat
682 1104 881 1165 testimonium
902 1107 934 1167 S.
949 1105 1052 1165 Leonis
1064 1108 1122 1181 ll„
1137 1106 1188 1183 qui
1205 1125 1251 1201 ap.
1270 1108 1308 1167 19

232 1186 283 1248 ed.
299 1183 451 1249 Bouaria.
473 1196 494 1247 t.
511 1188 526 1247 1
544 1182 598 1247 ool.
624 1187 698 1262 651,
712 1187 821 1264 inquit,
845 1210 858 1239 u
875 1186 1066 1248 dGaliicania
1079 1187 1241 1247 innumeris
1258 1206 1308 1248 re·

232 1269 396 1331 lotionibus
410 1286 473 1329 ease
486 1268 648 1329 nonaullam
665 1268 764 1329 sedem
785 1267 996 1347 Apostolioarn,
1012 1276 1042 1328 et
1059 1268 1308 1346 quemadmodum

234 1360 321 1411 vetus
343 1350 523 1413 consuetudo
542 1350 692 1429 poscebat,
717 1368 770 1429 per
792 1349 974 1411 diversarum
998 1349 1221 1429 appellationem
1244 1366 1309 1411 cau·

233 1451 356 1503 samum
382 1441 433 1493 aut
457 1440 612 1493 retractata
632 1431 670 1493 ab
692 1450 741 1508 ea,
763 1440 814 1491 aut
834 1431 1003 1492 confirmata
1029 1432 1148 1511 judicia.
1176 1458 1189 1484 ι
1223 1434 1309 1494 lditto

235 1514 447 1595 appellationes
476 1512 658 1591 Chelidonii,
689 1514 838 1592 lupicini,
865 1513 1049 1594 Eutychctia,
1091 1518 1123 1576 S.
1161 1514 1307 1589 Flaviani,

235 1595 430 1667 Theodordi,
463 1596 625 1659 Salomonis
654 1595 833 1675 presbyteri,
862 1595 1001 1674 Stephani
1023 1596 1169 1664 larissaei.
1197 1601 1308 1659 Contu·

235 1678 353 1739 meliosi
369 1678 493 1757 episcopi
508 1677 654 1757 Itejensis,
669 1685 794 1754 ceteras,
813 1696 937 1756 quarum
951 1696 1075 1759 magnus
1088 1687 1131 1738 eat
1148 1696 1306 1756 numerus,

237 1778 366 1839 quasque
386 1760 424 1821 ab
443 1760 494 1835 iis,
513 1778 586 1838 quos
609 1778 697 1840 supra
718 1758 859 1835 indicavi,
880 1760 1071 1838 scriptoribus
1095 1770 1227 1821 accurate
1245 1762 1309 1821 des·

237 1842 408 1903 eribantur.
432 1842 592 1905 consistam
619 1842 650 1903 in
677 1840 919 1921 appellationibus
945 1842 1084 1903 Honorati
1110 1841 1307 1903 archidianoni

239 1924 423 1999 Silonensis,
459 1923 627 1985 Felicissimi
672 1932 702 1985 et
740 1924 886 1986 vincentii
925 1922 1128 2000 diaconorum,
1168 1924 1307 1988 Hadriani

239 2004 1306 2168 9191199111911191919111191119191

240 2170 386 2247 Africani,
403 2170 542 2231 Florentii
556 2170 681 2249 episcopi
697 2170 851 2249 Epidauri,
869 2169 1000 2232 Donadei
1016 2168 1129 2231 diaconi
1143 2172 1304 2248 Numidiae,

238 2252 372 2313 ianuarii
394 2250 523 2328 lialacm,
550 2252 691 2313 Alcisonis
711 2252 913 2331 comprensis,
935 2269 1059 2329 quarm
1079 2254 1305 2331 appellationum

237 2335 375 2395 omnium
389 2334 527 2394 testisest
547 2338 578 2398 S·
596 2336 654 2397 Gre
673 2334 753 2396 orius
770 2337 812 2396 ll.
827 2330 877 2395 lib.
903 2335 1221 2418 1φ.191110ορρ.
1246 2343 1266 2394 1.
1286 2339 1306 2397 9

236 2412 299 2477 ent.
329 2418 402 2491 sos,
428 2404 502 2491 ooo,
528 2417 605 2489 aum
629 2353 679 2477 od.
708 2416 726 2476 5
786 2458 793 2475 .
820 2417 853 2491 a,
881 2416 915 2493 ι,
941 2417 978 2491 a,
1006 2418 1026 2476 o
1051 2424 1080 2476 a
1103 2419 1141 2478 as
1165 2416 1221 2479 eor.
1246 2420 1305 2478 aar

236 2517 306 2581 seq.
337 2506 363 2557 at
385 2494 439 2557 cul.
467 2500 546 2573 6623
568 2493 617 2558 tlt.
640 2501 658 2559 ii
685 2514 730 2579 ep.
757 2500 811 2573 11,
839 2498 895 2572 15,
919 2500 974 2573 16,
1002 2500 1058 2568 ll,
1085 2500 1125 2559 65
1150 2498 1205 2561 col.
1227 2502 1303 2578 805,

237 2582 326 2652 801,
349 2580 420 2655 809,
442 2580 518 2654 838,·
536 2576 586 2641 ld.
609 2582 647 2639 tl
667 2596 712 2661 ep.
739 2581 758 2638 8
780 2575 835 2640 col.
858 2580 951 2655 1186,
974 2575 1026 2640 lit.
1048 2582 1087 2641 15
1111 2600 1157 2662 ep.
1187 2585 1227 2644 15
1250 2582 1304 2643 col.

238 2662 421 2744 1250111..ο
434 2658 455 2722 l.
473 2664 512 2722 11
533 2679 578 2743 ep.
596 2662 614 2721 7
629 2668 657 2722 at
678 2657 768 2721 itool.
786 2662 864 2721 1961
885 2668 913 2721 et
927 2663 1005 2721 1956
1018 2659 1064 2722 ed.
1089 2663 1190 2724 Poris.
1215 2667 1305 2725 1705.

235 2742 422 2807 videntium
437 2742 618 2805 Fcrmndum
632 2760 700 2805 aon.
720 2744 758 2803 dil
776 2742 854 2824 apud
867 2742 1021 2804 Justelium
1044 2741 1123 2806 aot.
1140 2747 1211 2805 dar.
1237 2766 1305 2808 con.

235 2837 319 2888 tona.
344 2830 356 2888 1
382 2845 456 2909 pop.
479 2828 540 2888 tao
553 2825 624 2888 edit.
645 2824 759 2896 ram„
783 2834 813 2886 et
836 2825 1004 2904 capitularia
1029 2826 1123 2889 caroli
1142 2832 1182 2889 11.
1208 2826 1259 2890 loir.
1288 2830 1308 2890 7

233 2927 315 2991 cop.
328 2909 402 2984 stt,
419 2908 496 2987 apud
510 2907 658 2970 lialuaium
678 2903 838 2991 capitular.
854 2925 915 2988 rap.
930 2910 1040 2970 Fraao.
1057 2916 1127 2970 tona.
1144 2913 1157 2971 1
1175 2907 1230 2971 col.
1247 2914 1303 2974 751

235 3001 268 3054 et
283 3009 354 3072 cop.
378 2992 438 3052 111
457 2987 511 3052 col.
529 2991 588 3052 719
603 2986 649 3051 ed.
670 2992 769 3051 Versat.
787 2990 877 3051 1771.
895 2991 1045 3051 Postremo
1058 3009 1122 3051 rem
1137 2992 1309 3053 concludam

235 3073 352 3137 Gelasii
373 3075 386 3132 1
410 3072 506 3134 verbis
527 3091 573 3154 op.
589 3074 610 3133 1
629 3090 682 3134 aaa
703 3070 736 3131 a'n
749 3071 951 3132 coromoaitor.
975 3069 1016 3132 od
1029 3075 1176 3134 Foaamm
1196 3075 1310 3155 oropus·

236 3165 332 3217 amaa
346 3162 367 3214 t.
384 3156 495 3215 laone.
515 3151 569 3216 col.
585 3156 644 3216 199
662 3152 766 3216 labbei
782 3153 830 3214 eit.
853 3150 900 3215 ecl.
921 3154 1021 3215 Vertat.
1050 3179 1064 3206 a
1075 3152 1179 3229 Nobis,
1195 3153 1308 3234 inquit,

234 3245 399 3317 opponunt
415 3255 553 3313 canones,
576 3237 647 3296 duur
669 3236 802 3297 nmdunt
822 3234 894 3314 quid
914 3234 1088 3314 loquantur,
1115 3243 1213 3296 contra
1237 3256 1310 3314 quoa

234 3321 303 3384 lroc
331 3317 391 3398 ipso
414 3319 514 3380 venire
537 3335 569 3380 se
585 3317 729 3398 produnt,
752 3317 830 3398 qauod
854 3317 958 3398 primae
980 3316 1059 3392 aedi,
1083 3336 1151 3378 sana
1174 3327 1311 3400 rectaque

234 3398 381 3464 suadenti
405 3419 507 3478 parere
531 3400 659 3482 lugiunt.
688 3401 746 3479 ipsi
770 3406 839 3461 aaut
864 3416 1003 3474 canones,
1027 3399 1078 3478 qui
1104 3400 1310 3480 appellationes

234 3483 341 3546 totius
357 3480 535 3543 ecolesinam
557 3481 646 3562 hujus
669 3481 745 3542 aedis
769 3500 888 3543 examen
907 3481 1026 3543 voluero
1046 3481 1172 3558 deferri,
1197 3483 1310 3564 abipsa

233 3583 321 3628 vero
340 3582 480 3642 nusquam
498 3581 617 3644 prorsus
641 3563 779 3643 appellari
802 3563 910 3625 debere
929 3573 1098 3624 sanxerunt.
1121 3590 1134 3619 a
1161 3568 1229 3627 Late
1255 3569 1310 3630 hoc

234 3647 559 3727 totum'argumentum
574 3653 741 3726 persecutus
763 3663 828 3708 sum
841 3647 973 3726 inopere
990 3645 1078 3708 duria
1090 3648 1227 3710 cononici
1239 3651 1310 3712 uni·

236 3725 452 3809 wraiprrtttct
464 3747 498 3790 oo
509 3727 625 3810 priuati
633 3726 683 3790 iri.
696 3729 794 3824 ipap.
810 3729 869 3790 915
879 3746 941 3811 aeq.

285 3808 335 3891 (ὅ)
353 3811 424 3886 Qun
441 3809 479 3872 de
493 3809 637 3872 Primatus
647 3811 716 3890 juro
737 3809 814 3871 ducta
837 3818 922 3887 aunt,
940 3813 1114 3889 ostendunt,
1137 3812 1164 3872 ei
1191 3831 1311 3893 prorsus

236 3895 365 3956 haerere
382 3891 428 3970 jus
442 3891 684 3972 appellationum,
701 3889 791 3971 idque
808 3892 897 3954 etiam
908 3891 1087 3955 ‘confirmant
1109 3896 1239 3974 exempla
1258 3916 1312 3976 ap-

233 3972 438 4059 pellationum
467 3973 629 4037 sardicensi
653 3973 775 4035 concilio
805 3975 1016 4056 antiquiorum.
1042 3978 1115 4038 Nam
1136 3976 1161 4036 si
1184 3977 1233 4056 jus
1256 3977 1312 4038 hoc

233 4054 1099 4219 cirtaimralmlalmnlslnal
1111 4075 1312 4216 911191

233 4223 395 4287 Primatua
416 4228 554 4299 repetunt
574 4223 606 4285 S.
628 4219 816 4283 Boniiaciaal
836 4220 984 4303 epictii
1007 4218 1048 4281 od
1071 4216 1201 4370 mali
1218 4223 1306 4303 eptae.

346 4325 427 4374 τοι.
456 4325 492 4372 11.
1204 4354 1211 4373 .
