3575 5625
675 574 895 644 -169-

252 720 371 792 Verum
394 745 473 791 eum
506 717 577 790 baec
613 722 779 816 suspensio
802 723 993 810 sententiae,
1036 723 1171 819 ejusque
1203 748 1323 794 execu-

250 821 344 890 tionis
375 821 411 888 in
445 821 548 889 causis
584 817 780 914 quibusdam
815 821 925 888 minus
962 844 1143 914 congruens
1181 837 1214 891 et
1248 837 1322 918 apta

250 915 412 988 rideretur
441 915 484 986 ad
514 930 643 986 rectum
669 916 820 986 ordinem
842 941 972 1007 rerum,
1006 921 1121 988 merito
1154 935 1322 1013 receptum

250 1030 314 1102 est,
347 1029 385 1084 ut
415 1015 585 1084 sententiis
614 1012 810 1109 quibusdam
841 1017 1026 1112 suspensiva
1061 1018 1105 1085 vis
1137 1015 1322 1104 adimatur3

250 1127 420 1207 propterea
436 1113 478 1184 fit
506 1109 697 1201 interdum,
716 1127 776 1202 ut,
806 1137 1007 1209 quamquam
1031 1116 1073 1183 sit
1101 1111 1322 1210 appellatum,

251 1222 359 1279 tamen
399 1211 559 1280 sententie
605 1211 728 1279 exitum
774 1209 943 1300 obtineat,
992 1227 1026 1281 et
1065 1227 1176 1307 postea
1222 1235 1325 1282 eausae

251 1308 392 1399 cognitio
418 1307 460 1377 ad
494 1309 695 1402 superiorem
737 1306 915 1379 deleratur.
955 1309 1051 1378 Tune
1089 1323 1197 1386 autem
1249 1333 1327 1379 sen·

252 1406 361 1474 tentiae
395 1429 463 1474 non
497 1410 764 1502 suspensam,
796 1405 853 1476 sed
888 1405 1125 1478 dnolottvum
1164 1405 1324 1502 effictum

251 1499 369 1572 babere
393 1501 561 1572 dicuntur.

290 1682 330 1762 (l)
351 1684 568 1762 Appellationes
582 1692 679 1746 nutem
694 1703 753 1746 non
765 1684 965 1763 recipiuntur,
989 1703 1084 1762 neque
1099 1686 1129 1744 in
1147 1703 1248 1744 earum
1267 1687 1327 1746 vim

254 1763 442 1826 inhibitiones
454 1765 671 1844 eonoeduntur,
686 1767 743 1826 nisi
758 1767 889 1846 primum
903 1766 1083 1842 eonstiterit,
1102 1767 1179 1826 intra
1197 1766 1328 1846 legitima

256 1855 400 1924 tempora,
416 1855 535 1926 atqnea
551 1847 681 1928 legitima
706 1867 846 1927 persona,
874 1849 945 1908 item
970 1867 985 1908 a
1013 1846 1180 1922 definitiva,
1205 1849 1250 1908 vel
1276 1848 1330 1908 ha-

255 1927 338 1987 bente
359 1930 420 1989 vim
443 1929 620 2007 definitivo,
640 1938 691 1990 aut
707 1931 892 2011 gravamine,
913 1929 992 2008 quod
1010 1947 1064 2008 per
1085 1928 1267 1990 definitivam
1286 1949 1330 1990 re-

256 2011 346 2086 parari
359 2028 421 2070 non
439 2013 547 2089 possit,
563 2011 740 2092 appellatum
757 2011 865 2084 luisse,
883 2010 973 2090 idque
991 2019 1090 2089 patere
1110 2011 1198 2073 debet
1221 2031 1256 2072 ox
1274 2030 1329 2091 pu·

255 2090 334 2150 blicis
355 2093 572 2169 monumentis,
595 2113 662 2170 quae
685 2094 717 2152 in
744 2095 816 2154 netis
842 2091 1031 2154 exhibentur.
1058 2093 1165 2154 Confer
1190 2092 1330 2154 &nodio-

254 2180 314 2231 tum
327 2176 398 2234 xlv
411 2182 505 2235 const.
519 2173 568 2236 Aa
579 2171 741 2236 militantis
752 2177 793 2237 48
803 2173 830 2257 §-
846 2177 886 2236 45
895 2176 1016 2256 po9.86
1029 2178 1122 2236 torn.l
1141 2173 1206 2237 e'oa
1216 2171 1326 2236 bullar.

255 2251 322 2313 edit.
347 2257 450 2316 Venet.
473 2257 569 2329 lllll,
587 2275 645 2334 qna
665 2255 786 2334 quidem
803 2257 1011 2318 eonstitutione
1035 2255 1126 2316 multa
1145 2195 1183 2318 ie
1200 2257 1329 2337 appella-

255 2335 384 2396 tionibus
394 2335 490 2414 deqne
498 2337 724 2399 inhibitionibus
737 2337 947 2418 eomprehensa
959 2345 1039 2399 sunt.

306 2418 338 2495 2)
360 2418 395 2476 1..
412 2420 450 2478 52
463 2416 491 2499 S.
506 2417 601 2479 leod.
618 2417 654 2481 de
664 2417 807 2502 appellet.
816 2443 829 2497 ,·
842 2440 910 2501 cop.
925 2423 964 2481 bb
976 2417 1040 2481 eod.

308 2497 338 2576 5)
359 2498 397 2557 L.
413 2519 465 2560 un.
481 2497 516 2582 ff.
537 2498 624 2563 nibil
641 2500 675 2562 in
693 2521 798 2563 novor.
819 2499 962 2584 appellnt.
987 2501 1148 2586 inletpos.,·
1168 2520 1235 2583 cap.
1256 2501 1273 2560 7
1294 2498 1330 2561 de

256 2576 400 2661 appellat.
416 2580 449 2641 in
463 2584 494 2643 6.
1239 2635 1246 2644 .

301 2759 332 2859 §.
374 2758 468 2831 xvl.
504 2760 618 2834 Plures
650 2787 725 2835 vero
751 2778 828 2834 sunt
859 2787 964 2835 causae
1006 2765 1041 2833 in
1073 2763 1192 2860 quibus
1223 2764 1330 2833 inter·

255 2862 356 3022 posita
398 2857 572 2956 appellatio
628 2860 864 2957 impedimento
916 2886 984 2932 non
1034 2878 1106 2949 est,
1155 2862 1331 2956 quominus

268 2971 316 3025 ata
351 2958 515 3027 sententia
556 2960 620 3039 rim
660 2973 695 3028 et
728 2962 850 3029 exitum
885 2957 1015 3029 habent.
1055 2958 1135 3028 June
1163 2958 1331 3027 communi

255 3052 474 3151 appellatione
511 3078 578 3125 non
618 3056 866 3151 suspenduntur
900 3054 1031 3125 decreta
1079 3053 1121 3124 de
1172 3052 1333 3123 alimentis

256 3149 468 3244 praestandis,
525 3177 634 3249 neque
690 3152 788 3224 datur
839 3155 1024 3251 suspensiva
1078 3149 1252 3248 appellatio
1298 3150 1333 3220 in

255 3252 355 3319 eausis
395 3248 437 3319 de
478 3251 682 3322 restitutione
721 3252 818 3347 spolii
856 3276 893 3321 ao
924 3265 1164 3323 momentaneae
1206 3270 1333 3344 posses-

255 3348 350 3418 sionis
386 3345 461 3442 (i),
504 3349 541 3415 in
571 3347 703 3461 judiciis
744 3349 943 3421 arbitrorum
991 3374 1030 3419 ex
1079 3348 1331 3444 compromiss0,

255 3444 288 3513 in
316 3445 442 3533 nausis,
481 3458 519 3515 ut
553 3461 665 3541 aJunt,
704 3449 897 3536 executiris,
931 3470 1006 3544 quae
1056 3471 1095 3517 ex
1133 3442 1332 3541 populorum

255 3541 404 3611 moribus
438 3556 472 3611 et
512 3541 639 3637 legibus
683 3543 891 3639 privilegium
930 3542 1053 3614 habent
1119 3558 1216 3615 aratae
1256 3568 1334 3613 exe-

256 3640 409 3710 cutionis.
447 3638 546 3733 Apud
577 3665 636 3713 nos
676 3644 864 3737 provocatio
898 3639 1024 3712 nullam
1071 3570 1167 3711 niort
1209 3665 1332 3713 moram

257 3748 291 3805 et
323 3734 516 3806 tarditatem
551 3740 652 3808 causis
684 3740 721 3807 in
753 3740 874 3836 quibus
918 3737 984 3810 duo
1027 3740 1200 3825 continua,
1232 3762 1335 3832 eaque

257 3830 434 3906 concordia
459 3833 605 3930 judicata
629 3834 716 3905 edite
745 3852 842 3923 sunt3
876 3838 1022 3932 itemque
1054 3837 1153 3905 causis
1180 3833 1221 3905 de
1237 3858 1335 3903 men-

256 3946 344 4001 strua
376 3930 534 4002 diurnare
572 3932 741 4023 meroede,
768 3934 811 4006 de
838 3933 999 4015 elimentis¹
1029 3932 1167 4021 suturis,
1204 3930 1245 3999 de
1279 3954 1335 3998 re-

256 4028 427 4100 stituendo
463 4027 504 4099 de
528 4031 630 4118 osito,
682 4030 725 4101 de
779 4030 940 4127 explenda
991 4029 1171 4116 solutione,
1234 4049 1333 4121 quam

257 4125 329 4219 quis
363 4055 551 4225 syngrapia
585 4126 639 4224 (2)
671 4152 706 4199 se
743 4128 905 4201 facturum
937 4130 1112 4226 promisit,
1147 4123 1189 4195 de
1221 4124 1334 4195 oneri·
