3575 5625
244 758 305 819 iacto
327 757 359 817 in
389 773 504 835 paenam
533 756 842 817 excommunicationis
867 758 1013 830 incidere,
1043 770 1150 839 preter
1175 771 1304 840 ceteros,

245 838 318 899 tradit
333 835 507 919 Pirhingius
519 841 592 899 Jur.
608 856 716 899 casote.
738 834 788 899 tit.
806 839 824 898 3
839 837 884 899 nt.
904 841 942 900 to
956 838 983 919 S.
1001 842 1030 902 7.

276 919 311 1001 (t)
332 920 498 982 concilium
512 918 721 980 ‘tridentinum
732 938 804 981 scas.
818 922 857 981 it
873 917 1014 1005 derepul.
1031 942 1097 1005 cap.
1118 926 1165 985 ts.

277 1002 313 1083 11]
336 1003 412 1085 sap.
430 1005 448 1062 6
464 999 499 1062 ds
512 1008 642 1083 apostct.

282 1228 309 1327 ς.
350 1229 401 1301 Χ.
451 1230 630 1328 Episcopus
677 1233 712 1301 in
760 1258 903 1305 carceres
950 1231 1171 1331 conjiciendos
1216 1250 1308 1305 curat

242 1344 413 1423 apostatas,
456 1330 514 1423 qui
552 1330 588 1397 in
627 1355 683 1401 sna
724 1329 854 1403 dioeeesi
888 1348 1158 1421 commorantur,
1188 1355 1308 1427 eosque

243 1440 276 1493 ut
304 1426 426 1495 meritis
465 1425 651 1521 plectantur
674 1430 797 1524 poenis,
834 1427 934 1499 tradit
969 1426 1172 1523 regularibus
1214 1454 1309 1525 supe·

244 1522 373 1593 rioribus
411 1520 490 1619 (i),
534 1523 591 1593 sed
625 1523 659 1593 hi
697 1551 831 1690 puoque
862 1524 986 1597 debent
1020 1526 1152 1597 eosdem
1177 1529 1310 1695 perpep-

243 1644 306 1690 rere
343 1646 382 1690 ac
423 1622 503 1691 dare
539 1646 671 1719 operam
721 1621 908 1718 iiigentem,
936 1637 975 1693 ut
1005 1622 1141 1694 redeant
1173 1622 1215 1694 ad

243 1742 310 1787 nam
361 1716 489 1812 frugem
530 1745 567 1789 ac
610 1744 669 1818 per
711 1722 881 1791 canonicas
927 1724 1134 1816 paenitentias
1182 1722 1306 1791 crimen

245 1818 362 1910 expiare
403 1817 528 1911 possint
556 1814 621 1913 (ἓ).
655 1817 699 1889 At
736 1817 818 1889 iilud
844 1819 879 1889 in
912 1820 1028 1915 primis
1060 1820 1203 1915 episcopi
1239 1832 1308 1905 est,

245 1928 413 2007 apostatum
452 1936 608 2005 monere,
649 1931 686 1987 nt
715 1942 771 1986 sua
808 1932 926 2012 sponte
964 1914 1075 1987 redeat
1106 1914 1148 1985 ad
1185 1914 1326 2010 religio‘

245 2034 332 2101 nem,
369 2008 458 2081 unde
499 2010 659 2101 discessit,
700 2012 791 2110 quod
828 2039 905 2084 eum
942 2016 1010 2109 ipse
1044 2015 1231 2110 prostiterit
1275 2027 1309 2083 et

243 2131 258 2173 a
314 2123 378 2179 tata
417 2111 550 2181 monitis
593 2109 883 2208 obtemperaverit,
928 2110 1090 2279 repuleras
1129 2113 1310 2207 superiores

244 2228 260 2270 a
307 2209 461 2304 episeopo
491 2210 594 2303 rogati
618 2210 766 2307 jussique
796 2236 814 2279 a
854 2208 930 2280 sede
993 2208 1167 2307 postolica,
1204 2209 1308 2278 absti-

242 2326 313 2373 nere
347 2330 382 2375 se
418 2304 540 2376 debent
576 2331 594 2375 a
629 2309 733 2403 poenis
775 2307 1008 2404 asperioribus,
1049 2332 1123 2403 quae
1163 2321 1241 2377 sunt
1275 2306 1309 2374 in

242 2416 396 2493 apostatas
420 2405 605 2474 constitute
636 2402 705 2499 (5).
740 2402 835 2502 Saepe
866 2407 964 2476 etiarn
998 2405 1089 2477 sedes
1126 2395 1317 2501 Apostolica'

240 2500 379 2592 spatium
418 2502 571 2597 temporis
600 2498 775 2597 elargitur,
804 2528 870 2599 quo
916 2517 1071 2599 apostate
1101 2503 1308 2597 resipiscant,
1413 2530 1416 2534 ’

241 2608 273 2662 et
304 2620 357 2666 eos
388 2596 429 2666 ad
466 2624 500 2669 se
535 2597 622 2670 ultro
664 2601 828 2671 venientes
860 2602 976 2697 recipit
1008 2624 1188 2697 poenasque
1225 2614 1309 2667 tem-

241 2708 349 2786 perat,
373 2694 491 2793 qnibus
515 2698 551 2765 in
573 2694 645 2769 illos
664 2700 742 2795 jure
763 2696 1020 2768 animadvertere
1049 2710 1216 2794 oporteret
1238 2694 1306 2789 (1).

279 2954 320 3036 (i)
341 2956 449 3018 Confer
470 2957 621 3020 decretum
640 2957 754 3019 editum
771 2978 787 3019 s
812 2957 1043 3038 congregatione
1067 2955 1182 3016 concilii
1207 2951 1255 3013 dic
1273 2954 1308 3013 at

243 3035 398 3178 septennis.
415 3057 469 3098 an.
495 3041 590 3117 test,
614 3049 643 3102 ct
667 3041 861 3120 approbatum
879 3039 917 3099 ab
941 3039 1059 3100 Urbano
1077 3039 1146 3098 vttt
1161 3033 1187 3116 S.
1214 3037 1251 3107 i,
1278 3052 1312 3092 ac

242 3120 268 3177 ri
290 3138 307 3178 e
330 3120 418 3179 etiam
434 3119 587 3182 Gir-aldum
602 3139 701 3204 capos.
725 3123 798 3184 Jsr.
818 3114 959 3203 Pontisss.
978 3137 1047 3201 por.
1067 3121 1080 3179 1
1105 3114 1156 3178 tit.
1176 3114 1255 3176 5111.
1272 3116 1307 3176 51

246 3208 311 3260 sest.
328 3203 387 3261 556
423 3221 441 3260 s
465 3245 472 3259 .
494 3205 565 3263 518.
586 3235 591 3246 -

282 3280 325 3362 (2)
347 3221 421 3364 Capi
442 3219 486 3343 {4
502 3281 537 3344 de
556 3281 687 3378 regular.
704 3287 795 3346 Vetus
811 3291 909 3344 antem
928 3283 991 3344 baec
1004 3289 1048 3342 est
1060 3280 1174 3360 reguis,
1191 3288 1221 3340 et
1238 3282 1313 3343 Gre-

243 3364 323 3444 gorio
338 3366 380 3425 lx
393 3365 556 3442 antiquior,
571 3365 656 3425 sicuti
670 3366 800 3428 ostendit
813 3365 972 3427 ilaeitenus
987 3360 1138 3446 disquisit.
1154 3362 1310 3424 ntonsatic.

242 3464 311 3525 pur.
329 3448 348 3505 2
364 3442 416 3506 tit.
433 3446 452 3504 8
467 3449 585 3507 tracti
599 3445 677 3531 disq.
691 3449 722 3506 8.

282 3525 325 3606 (5)
345 3527 469 3588 Consule
486 3527 676 3589 Benediotnm
694 3530 764 3590 XIV
777 3525 812 3588 ds
825 3525 933 3624 systod.
951 3525 1034 3588 dies.
1057 3523 1108 3588 tit.
1134 3526 1172 3585 ts
1193 3543 1260 3605 cop.
1276 3527 1309 3585 11

244 3625 327 3668 num.
346 3610 379 3669 11
395 3617 424 3668 st
435 3609 484 3669 tt.
502 3609 681 3686 Quinetiam
697 3626 774 3670 anno
785 3608 916 3687 jubilaei,
932 3609 1081 3689 regulares
1095 3614 1247 3686 apostatae,
1264 3606 1314 3684 qui

243 3697 346 3768 sponte
363 3689 492 3750 redeunt
504 3691 542 3751 ad
556 3690 745 3772 religionem,
765 3709 855 3768 qnam
869 3689 1082 3764 deseruerunt,
1099 3688 1211 3749 cunctis
1228 3687 1316 3747 soluti

243 3771 337 3848 paenis
357 3791 373 3831 a
391 3770 460 3831 sede
478 3773 642 3848 apostoliea
663 3773 778 3832 reniam
797 3773 969 3849 impetrant,
987 3770 1074 3831 modo
1091 3770 1249 3850 areguinri
1264 3786 1315 3827 su-

242 3852 358 3930 periore
384 3852 597 3914 absolutionem
623 3861 738 3932 petant,
762 3861 792 3911 et
812 3853 928 3930 culpam
948 3853 1096 3913 fateantur
1116 3868 1199 3911 sunm
1228 3857 1316 3926 atque

242 3933 479 3996 emendationem
493 3933 700 4012 polliceantur;
720 3935 894 3996 Benedictus
913 3936 983 3996 xiv
1005 3935 1104 3994 const.
1123 3929 1256 3991 Pastoris
1274 3929 1314 3986 25

243 4013 270 4096 5.
291 4018 300 4074 1
316 4023 385 4076 tom.
401 4018 419 4076 5
434 4014 498 4097 ejus
512 4012 704 4100 bullonpsp.
718 4014 929 4078 teostitae.
1240 4086 1247 4099 ⁸

286 4095 329 4174 (1)
349 4097 524 4240 Benepictus
535 4098 605 4161 XIV
615 4105 708 4161 const.
722 4099 833 4159 Pastor
846 4093 1030 4175 incessitis.
1049 4095 1087 4158 53
1101 4100 1171 4153 tom.
1189 4091 1203 4150 1
1218 4085 1315 4168 erssd.

243 4197 319 4260 pag.
332 4179 390 4240 198
406 4197 420 4240 s
443 4178 476 4239 it.
492 4177 541 4239 cit.
