3575 5625
851 559 1072 630 -400-

464 710 506 792 (⁶2)
520 712 610 780 Sunt,
637 707 762 786 quinon
781 715 897 769 tantum
919 707 1120 783 inhumanis,
1148 706 1199 767 sed
1221 708 1310 768 ctiam
1333 708 1364 768 in
1390 705 1503 770 divinis

423 803 453 854 et
472 793 561 853 sacris
581 789 731 850 catholicis
755 807 824 850 cum
846 789 993 850 haereticis
1017 785 1311 850 mmrnunicationem
1326 790 1503 867 permissam

422 883 538 954 putant.
556 876 614 953 ligo
629 891 662 932 ea
682 871 720 932 de
733 889 767 930 re
780 872 957 932 sententiam
970 889 1005 932 ex
1027 889 1113 931 onam
1131 871 1338 950 sapientissimi
1355 870 1503 950 pontilicis

424 955 573 1021 Benedicti
594 951 713 1015 xlvde
731 951 839 1035 synod.
865 951 981 1016 dicaces.
1002 891 1053 1014 iit.
1081 953 1099 1012 6
1124 971 1189 1034 cop.
1219 955 1237 1016 t
1262 971 1347 1013 taum.
1378 955 1408 1012 2.
1436 956 1504 1030 lpse

422 1047 522 1099 autem
546 1036 660 1114 inquit=
689 1035 855 1110 «Quamvis
878 1055 932 1115 per
954 1053 1095 1097 canonem
1114 1034 1228 1096 concilii
1254 1035 1501 1110 constantiensis,

422 1123 474 1198 qui
488 1119 593 1196 incipit
614 1115 656 1178 od
679 1116 837 1193 eoitondo,
865 1119 976 1196 quique
990 1119 1022 1178 in
1042 1134 1096 1178 suo
1115 1135 1232 1194 semper
1245 1119 1347 1198 vigore
1361 1134 1501 1195 perman-

422 1205 476 1278 sit,
500 1218 560 1261 non
586 1199 770 1260 obstantibus
791 1201 946 1262 sontiariis
971 1198 1217 1277 subsequentibus
1242 1198 1503 1258 constitutionibus

423 1283 537 1344 concilii
573 1281 745 1343 basileensis
779 1291 810 1342 et
837 1282 1054 1356 iateranensis,
1088 1280 1223 1340 nonnihil
1255 1281 1381 1340 relaxata
1411 1280 1502 1340 luerit

423 1363 576 1443 disciplina
591 1364 622 1423 in
644 1381 699 1439 eo,
718 1363 797 1440 quod
822 1365 952 1440 pertinet
967 1361 1005 1424 ad
1024 1361 1279 1438 conversandum,
1305 1371 1393 1440 atquc
1411 1363 1501 1422 etism

423 1451 454 1509 in
477 1447 586 1508 divinis
614 1444 891 1506 communicandum
924 1464 992 1506 cunr
1023 1445 1183 1518 hereticis,
1216 1445 1266 1521 qui
1296 1444 1499 1504 tolerantur...

423 1549 483 1591 non
509 1528 617 1589 idcirco
640 1535 737 1588 tamen
761 1526 900 1588 arbitrari
920 1527 1029 1588 dehent
1053 1526 1188 1588 catholici
1217 1527 1259 1586 las
1287 1526 1341 1587 sibi
1365 1543 1429 1588 esse
1453 1527 1504 1586 in·

423 1612 561 1674 distincte
579 1628 647 1670 cum
665 1609 827 1683 hereticis,
847 1611 981 1688 quamvis
1000 1627 1059 1670 nou
1081 1608 1277 1682 denuntiatis,
1299 1609 1330 1668 in
1349 1607 1437 1668 rebus
1460 1627 1503 1670 sa·

423 1697 480 1755 cris
501 1701 531 1754 et
554 1691 664 1752 divinis
675 1691 905 1768 communicare,
933 1690 1079 1770 siquidem
1098 1691 1205 1752 Paulus
1225 1692 1330 1768 Vpost
1354 1698 1504 1750 maturam

423 1778 467 1837 rei
483 1775 693 1836 discussionem
711 1775 883 1852 neutiquam
905 1773 995 1834 licere
1011 1771 1147 1834 delinivit
1168 1770 1318 1834 catholicis
1338 1773 1423 1852 regui
1445 1775 1506 1833 An-

424 1859 490 1938 gliaa
509 1856 715 1916 haeretieorum
730 1856 838 1934 templa
854 1855 952 1929 adire,
971 1855 1136 1933 ritibusque
1157 1855 1313 1930 interesse,
1329 1873 1402 1932 quos
1423 1853 1500 1914 inibi

425 1945 573 2000 exercent.
593 1964 606 1991 o
635 1942 711 1999 Tum
736 1938 866 1998 ostendit
894 1955 953 1998 non
981 1935 1083 1998 deesse
1102 1936 1272 2016 theologos,
1301 1937 1350 2013 qui
1378 1935 1505 2014 alicujus

425 2022 597 2100 sulpureos
612 2026 720 2100 negant
733 2038 797 2082 esse
810 2018 983 2096 catholicos,
1002 2019 1053 2096 qui
1069 2037 1136 2080 cum
1155 2017 1301 2079 hereticis
1316 2025 1346 2078 el
1364 2017 1506 2080 schisma·

424 2105 500 2177 tieis,
514 2102 688 2162 nominatim
704 2118 763 2162 non
778 2101 971 2176 denuntiatis,
987 2102 1018 2160 in
1033 2100 1143 2166 divinis
1164 2100 1396 2170 communicant,
1413 2108 1505 2178 atque

425 2185 520 2246 abiis
544 2184 633 2244 ctiam
652 2193 831 2246 sacramenta
859 2184 1041 2262 percipiunt3
1069 2181 1157 2244 modo
1181 2181 1213 2242 id
1237 2181 1344 2244 iaciant
1373 2180 1413 2242 oh
1439 2200 1505 2261 gra·

424 2268 573 2327 vissimam
596 2273 648 2326 aut
676 2267 867 2328 necessariam
892 2284 1025 2341 causam,
1054 2272 1232 2326 sacramenta
1256 2262 1505 2326 administrentur

424 2351 484 2409 ritu
500 2349 585 2425 plane
606 2347 762 2424 catholico,
789 2347 827 2408 ab
848 2347 1009 2422 hereticis,
1033 2355 1084 2408 aut
1105 2346 1297 2408 schismaticis
1314 2345 1411 2406 valide
1424 2345 1504 2408 ordi-

424 2432 515 2503 natis,
531 2429 757 2489 communicatio
770 2427 802 2488 in
816 2428 926 2490 divinis
947 2447 1044 2506 nequo
1070 2429 1164 2490 ullum
1185 2429 1316 2506 prebeat
1339 2427 1502 2501 indicium,

424 2520 475 2572 aut
495 2509 693 2588 conjecturam
714 2509 800 2570 iaciat
813 2511 924 2570 erroris
937 2529 954 2570 a
969 2509 1111 2573 catholico
1126 2509 1247 2572 homine
1268 2509 1438 2589 approbati,
1454 2527 1505 2572 ne.

424 2612 483 2672 que
503 2590 671 2652 scandalum
691 2600 742 2653 aut
761 2589 955 2653 offensionem
980 2593 1085 2670 pariat.
1115 2596 1214 2655 lionet
1238 2601 1336 2654 tamen
1364 2592 1425 2670 ipse
1451 2594 1505 2654 Bc·

425 2674 560 2736 nedictus
570 2674 811 2753 primum,quod
823 2674 894 2734 huic
903 2674 1057 2738 sententie
1068 2675 1278 2754 quamplurimi
1290 2675 1504 2750 adversantur3

426 2755 535 2819 deinde
557 2756 637 2835 quod
660 2755 774 2817 etiamsi
789 2774 857 2818 vera
881 2755 1042 2833 habeatur,
1064 2764 1163 2819 umen
1189 2760 1291 2821 «Cum
1315 2773 1417 2817 omncs
1431 2773 1503 2817 enu·.

426 2847 546 2900 meratus
560 2838 787 2901 circumstantie
802 2840 892 2901 simul
910 2848 941 2900 et
955 2838 1134 2918 conjunctim
1158 2840 1260 2901 adesse
1281 2838 1418 2899 debeant.
1438 2881 1447 2897 .
1467 2880 1477 2899 .
1495 2882 1504 2899 .

426 2924 488 2983 lere
514 2921 693 3000 impossibile
706 2930 765 2996 est,
781 2948 794 2975 a
824 2922 905 3000 quod
921 2922 1071 2998 catholici,
1097 2923 1147 3000 qui
1173 2940 1204 2983 se
1222 2940 1289 2982 cum
1311 2920 1458 2982 hereticis
1473 2921 1505 2981 in

425 3005 514 3065 sacris
528 3002 695 3083 divinisque
709 3004 914 3079 commiscent,
933 3004 1016 3082 culpa
1039 3022 1141 3065 vacare
1157 3005 1278 3083 possint.
1292 3006 1390 3079 Quare
1414 3001 1503 3064 Urbis

426 3087 681 3167 congregationes,
703 3086 815 3164 inquit,
836 3112 850 3140 «ι
862 3087 996 3147 lllicitam
1019 3104 1135 3163 semper
1153 3094 1329 3165 reputarunt
1342 3085 1505 3145 mmmuni·

427 3170 586 3243 ostionem,
602 3168 640 3229 de
653 3187 711 3246 qua
725 3176 769 3228 est
781 3186 893 3243 sermo,
916 3169 1089 3246 doctumque
1110 3170 1322 3229 concinnarunt
1338 3168 1508 3229 instructio-

428 3268 496 3309 nem
520 3250 558 3309 ad
583 3250 796 3325 missionarios,
826 3250 876 3311 ubi
907 3269 980 3329 opus
1010 3250 1115 3325 luerit,
1154 3247 1425 3323 transmittendam,
1451 3248 1505 3309 ubi

427 3332 555 3391 rationes
580 3332 802 3409 expenduntur,
823 3340 944 3412 propter
967 3351 1039 3411 quas
1064 3332 1112 3393 vix
1140 3351 1270 3412 unquam
1296 3331 1431 3392 accidere
1455 3348 1507 3408 po·

428 3421 501 3485 test,
519 3418 551 3470 ut
574 3412 605 3471 in
630 3412 711 3489 praxi
736 3413 775 3471 sit
795 3414 914 3474 innoxia
928 3414 1139 3474 catholicorum
1156 3434 1224 3475 cum
1250 3413 1395 3475 haereticis
1422 3430 1505 3472 oum-

427 3492 587 3554 municatio
611 3494 642 3553 in
670 3493 818 3554 diviniso
850 3495 957 3557 Confer
980 3496 1068 3561 etiam
1097 3498 1250 3560 Giraldum
1278 3495 1402 3579 exposit.
1428 3497 1504 3557 Jsr.

428 3570 565 3654 Pontifie.
586 3570 637 3634 tit.
664 3574 743 3635 trit.
771 3576 810 3635 59
833 3582 902 3636 eset.
932 3578 990 3639 aas
1016 3596 1089 3667 pop.
1118 3581 1173 3641 tol
1198 3587 1227 3640 et
1248 3596 1325 3661 seq,
1352 3594 1441 3656 aquo
1456 3594 1506 3637 sa-

427 3674 544 3717 crarum
566 3674 685 3735 quoque
713 3656 801 3719 Urbis
821 3658 1080 3739 congregationum
1115 3680 1148 3723 ca
1176 3661 1214 3722 de
1234 3680 1268 3720 rc
1293 3659 1506 3721 declarationes

429 3738 648 3800 describuntur.
661 3739 692 3801 si
713 3739 764 3817 qui
778 3748 878 3801 umen
899 3740 1058 3802 catholicus
1072 3742 1277 3804 hereticorum
1298 3751 1349 3804 aut
1363 3740 1506 3803 schisma·

429 3823 555 3882 ticorum
569 3820 676 3899 templa
689 3820 888 3901 ingrediatur,
916 3828 949 3883 ut
971 3840 1004 3883 ea
1018 3824 1149 3887 curiosus
1171 3825 1305 3905 inspiciat
1316 3823 1505 3902 atqucetiam

427 3904 516 3965 sacris
526 3902 703 3966 cruditionis
724 3922 809 3965 causa
822 3905 951 3983 intersit,
977 3922 1037 3967 non
1059 3916 1093 3968 ut
1106 3926 1209 3969 eorum
1222 3908 1261 3968 sit
1274 3909 1437 3986 particeps,
1453 3913 1507 3965 aut

427 3986 588 4065 quidquam
611 3986 769 4065 approbet,
792 3987 873 4065 quod
890 3987 1039 4049 catholice
1060 3990 1176 4051 veritati
1199 3990 1390 4063 adversetur,
1414 3990 1439 4047 is
1453 3988 1507 4047 mi·

427 4070 508 4129 nime
522 4069 553 4129 in
566 4070 656 4129 sacris
675 4077 764 4148 atque
785 4070 894 4132 divinis
916 4072 1132 4133 communicare
1145 4071 1276 4149 dicitur,
1299 4088 1397 4150 neque
1411 4069 1507 4148 culpe

428 4166 497 4211 reus
511 4150 613 4213 haberi
626 4160 733 4231 potest.
