3575 5625
865 648 1064 718 ...86-

424 800 518 862 emitti
536 797 667 860 solebat:
694 822 707 850 ιι
723 796 874 859 sancimus
894 797 1008 874 itaque,
1028 796 1139 874 inquit,
1164 794 1241 857 bane
1259 798 1437 875 perimentes
1453 797 1502 858 in·

421 882 546 960 jurium,
567 889 597 940 et
615 879 747 940 nolentes
763 879 867 940 erebro
885 880 917 940 in
935 876 1038 939 eodem
1056 877 1173 957 negotio
1194 878 1402 956 jusjurandum
1421 898 1502 958 pre·

424 963 489 1024 beri
514 1003 552 1022 ..
579 979 668 1022 .non
689 960 793 1020 erebro
819 961 882 1041 cogi
904 977 1082 1038 quemquam
1103 968 1284 1020 sacramenta
1309 961 1423 1038 subire,
1447 979 1502 1041 ge

423 1044 563 1104 rreraliter
574 1043 663 1104 semel
678 1041 845 1121 hujusmodi
860 1049 1040 1102 sacramento
1054 1040 1240 1120 perhibita.»
1261 1041 1374 1116 Quibus
1386 1061 1421 1102 ex
1436 1060 1501 1102 ver·

422 1126 469 1186 bis
488 1125 585 1205 colligi
605 1124 724 1185 videtur
745 1141 877 1202 posse,a
901 1123 1067 1185 lustininno
1092 1123 1181 1182 luisse
1202 1121 1351 1182 sublntum
1374 1143 1388 1182 s
1442 1123 1501 1183 isle

422 1207 577 1268 calumniae
593 1207 809 1285 juramentum,
828 1205 919 1282 idque
933 1205 1022 1264 etism
1039 1204 1159 1264 videtur
1176 1203 1300 1264 sundere
1321 1207 1383 1264 Aut
1404 1249 1412 1264 .
1435 1207 1501 1265 Hoe

421 1297 645 1350 sacromentum
659 1285 731 1348 Cod.
747 1285 783 1347 de
800 1285 940 1368 Jurejnr.
954 1294 1054 1366 propt.
1071 1281 1205 1346 column.
1222 1285 1273 1346 ubi
1288 1286 1359 1346 item
1374 1304 1500 1366 genera-

421 1371 476 1430 tim
490 1371 646 1431 statuitur:
669 1372 730 1430 llos
743 1375 958 1428 sacramentnm
973 1366 1062 1427 bodie
1080 1367 1259 1442 remittitur,
1274 1386 1342 1428 oum
1362 1368 1393 1426 in
1413 1367 1500 1428 initio

419 1451 516 1531 juret,
537 1451 612 1512 nibil
635 1469 666 1511 se
690 1449 867 1510 calumniose
888 1449 920 1508 in
942 1456 1004 1508 toto
1027 1449 1145 1528 negotio
1170 1448 1298 1528 exigere.
1317 1474 1330 1501 ιι
1361 1448 1434 1509 lude
1458 1456 1501 1507 ta·

422 1552 492 1594 rnen
511 1541 609 1594 ortum
628 1541 671 1593 est
691 1529 831 1606 dubium,
853 1529 934 1608 quod
952 1530 1135 1592 iustinianus
1156 1530 1236 1608 loqui
1251 1529 1387 1590 videatur
1400 1529 1437 1590 de
1454 1529 1501 1608 ju·

421 1615 580 1687 ramentis,
600 1633 666 1693 qun
681 1613 752 1673 olim
769 1611 806 1672 nb
828 1613 863 1672 iis
882 1611 1110 1686 emittebantur,
1127 1612 1179 1690 qui
1193 1611 1381 1689 probationes
1400 1611 1500 1672 subire

421 1697 574 1772 volebant,
590 1695 669 1774 qnod
687 1695 718 1756 in
736 1691 843 1756 Nouoi.
860 1696 899 1755 73
919 1712 985 1774 cop.
1001 1694 1020 1753 7
1035 1693 1133 1753 adhue
1155 1693 1280 1771 speoisle
1295 1693 1499 1771 juramentum

422 1779 577 1840 nalumnin
595 1776 780 1838 desideretur
797 1776 834 1836 nb
850 1795 897 1851 eo,
917 1776 967 1853 qul
986 1775 1151 1834 litterarum
1165 1775 1413 1853 oompnrntionem
1431 1793 1499 1853 pos-

422 1861 538 1921 tnlneit.
558 1859 697 1935 Quamvis
721 1865 820 1917 nutem
845 1877 861 1917 n
889 1857 1025 1934 pluribus
1045 1856 1280 1916 animadversum
1308 1855 1362 1932 sit,
1389 1856 1421 1915 in
1445 1855 1500 1916 bae

422 1938 549 2002 Novello
569 1939 712 1999 oontiueri
734 1939 951 2016 exceptionem,
972 1939 1056 2016 eujus
1073 1939 1149 1997 ratio
1168 1937 1300 2017 specialis
1317 1938 1348 1996 in
1366 1934 1501 1998 Nooelloe

420 2020 599 2102 praefatione
619 2019 686 2079 data
706 2025 767 2092 est,
787 2025 875 2079 uteo
896 2020 990 2099 magis
1008 2028 1175 2080 noereeotnr
1192 2019 1319 2094 mulitia,
1344 2037 1412 2095 qus
1429 2027 1501 2078 tune

422 2103 562 2179 frequens
581 2108 659 2176 erut,
680 2117 798 2174 eorum,
820 2100 871 2178 qui
895 2100 1070 2161 documenta
1090 2101 1196 2161 vitiare
1217 2099 1366 2175 solebant,
1389 2099 1499 2162 nihilo-

423 2191 522 2242 tnmen
536 2182 646 2268 ¹minus
664 2199 711 2240 res
734 2181 867 2242 nondum
891 2182 961 2242 sotis
983 2190 1132 2260 oompertn
1157 2190 1245 2259 atque
1268 2181 1417 2259 explorata
1434 2181 1498 2242 lieri

424 2265 531 2341 potuit.
557 2263 614 2325 Sed
651 2281 769 2323 omnem
792 2264 912 2325 sustulit
946 2264 1160 2324 dubitationem
1184 2263 1348 2324 Boniloeius
1374 2267 1442 2324 Vlll
1467 2264 1500 2323 in

424 2363 490 2426 cop.
508 2343 576 2406 nde
590 2349 712 2407 Iuram.
729 2341 863 2406 column.
880 2345 914 2405 in
932 2346 967 2423 o,
983 2345 1035 2406 ubi
1049 2345 1167 2421 statuit,
1184 2345 1264 2422 qnod
1286 2370 1299 2398 ιι
1315 2347 1348 2404 1η
1364 2344 1500 2405 omnibus

426 2427 534 2503 censio,
559 2427 669 2488 nedum
687 2435 771 2502 nate,
790 2427 843 2487 sod
865 2428 953 2486 etiam
978 2435 1131 2504 postquam
1158 2426 1195 2486 lis
1217 2427 1308 2486 luerit
1325 2434 1498 2501 contestato,

426 2509 488 2568 sive
507 2510 544 2570 de
561 2510 703 2580 veritate,
728 2509 789 2569 sive
814 2508 852 2569 de
873 2509 1018 2569 onlumnin
1037 2509 1075 2568 sit
1096 2507 1229 2586 juratum
1240 2508 1271 2567 in
1297 2506 1382 2585 ipsis,
1406 2516 1501 2585 potest

424 2589 516 2667 judex
539 2609 554 2649 n
577 2589 710 2668 partibus
734 2591 851 2669 exigere
869 2590 1072 2669 juramentum
1094 2589 1230 2667 melitioe,
1258 2588 1373 2668 quoties
1393 2587 1500 2650 viderit

429 2687 464 2731 ex
486 2671 578 2732 edire.
599 2696 613 2724 ιι

466 2689 510 2829 p‘ll
534 2755 606 2833 Cap.
620 2755 639 2814 ἢ
653 2751 748 2817 stult.
762 2750 799 2815 de
812 2753 937 2814 lurum.
953 2750 1086 2815 salumn.
1101 2751 1135 2813 in
1149 2753 1183 2813 6.

483 2834 511 2915 5)
535 2836 608 2916 Gap.
625 2838 655 2912 5,
672 2838 702 2911 l,
719 2834 784 2895 tide
796 2839 919 2896 durum.
935 2833 1069 2898 colum.

470 2916 511 2996 (t)
533 2916 567 2976 L.
587 2912 642 2978 ult.
665 2914 733 2977 Cod.
751 2915 787 2976 de
799 2914 938 2998 Jnrejur.
956 2924 1055 2999 propt.
1078 2914 1211 2979 column.
1230 2915 1381 2980 Glossat'n
1397 2936 1461 2999 cop.
1485 2920 1498 2977 l

430 2994 465 3057 de
480 2999 602 3059 lurum.
619 2994 751 3059 oolrtmn.

479 3152 508 3253 §.
538 3152 581 3224 ll.
609 3154 714 3225 Datur
730 3153 792 3225 boo
809 3154 1043 3253 jusjurandum
1070 3157 1105 3224 in
1139 3155 1292 3227 omnibus
1314 3158 1416 3226 ootrsis
1433 3156 1500 3251 (l),

431 3252 529 3321 etiam
560 3252 800 3348 spiritualibus,
830 3268 898 3323 tom
931 3255 967 3332 in
1003 3254 1131 3348 prima,
1160 3278 1259 3348 qnam
1294 3255 1327 3323 in
1362 3251 1503 3324 secunda

432 3351 584 3417 instantia
612 3348 678 3443 (ἢ).
715 3349 749 3419 Si
782 3376 850 3422 non
884 3366 1036 3447 petatur,
1069 3353 1205 3447 impune
1232 3352 1416 3441 om'ntitnr,
1449 3377 1502 3422 ne
1544 3354 1550 3363 ’

432 3469 498 3541 que
525 3459 698 3540 propterea
725 3446 888 3543 judicium
923 3450 1053 3518 irritum
1088 3463 1137 3519 est
1166 3446 1241 3543 (5),
1270 3474 1382 3519 rernm
1408 3466 1504 3545 paeto

432 3555 593 3613 musonio
620 3544 742 3611 remitti
779 3570 845 3616 non
873 3561 983 3639 potest
1018 3546 1085 3643 (d).
1123 3546 1168 3615 At
1193 3545 1334 3641 petitum
1368 3549 1505 3617 omuino

432 3636 659 3736 praestnndum
689 3656 756 3731 est,
781 3644 864 3711 etsi
888 3642 971 3713 illud
998 3643 1162 3738 litigantes
1188 3642 1297 3713 subire
1327 3658 1503 3733 recusent,

433 3750 523 3807 notor
547 3735 681 3831 quidem
710 3762 803 3811 causa
828 3739 940 3830 cadet,
970 3766 1045 3811 reus
1073 3767 1149 3813 vero
1182 3765 1242 3836 pro
1271 3740 1416 3812 confesso
1443 3740 1505 3811 ha·

432 3832 566 3905 bebitur
597 3834 665 3932 (5).

474 3982 517 4066 (l)
539 3986 572 4045 ln
585 3984 722 4047 omnibus
742 3984 863 4064 quidem
877 3987 970 4047 nausis
979 3985 1187 4065 jusjurandum
1201 3993 1321 4064 propter
1331 3985 1506 4047 calumniam

435 4064 498 4127 dori
510 4067 603 4128 voluit
617 4068 801 4129 lustininnns
813 4067 847 4128 in
861 4067 897 4128 L.
914 4071 927 4129 l
949 4067 1021 4129 cod.
1038 4067 1074 4129 de
1084 4067 1219 4150 jurejur.
1235 4075 1333 4148 propt.
1354 4065 1506 4143 calumn.,·

434 4146 485 4206 sed
504 4156 600 4211 tumen
619 4148 705 4209 multi
722 4156 791 4207 sunt
809 4150 985 4229 interpretes
998 4150 1075 4228 juris
1093 4150 1201 4224 civilis,
1221 4150 1271 4227 qui
1293 4150 1324 4207 in
1345 4148 1508 4208 oriminnli-

434 4226 490 4288 bns
505 4231 597 4293 onusls
612 4229 686 4292 illud
700 4229 796 4291 losum
814 4229 923 4292 hebere
940 4240 1058 4313 negant.
1079 4230 1204 4295 Consule
1221 4228 1371 4309 cujnoinm
1385 4229 1418 4290 in
1438 4230 1470 4291 C.
1488 4232 1503 4292 l
