3575 5625
905 628 1100 700 ..52-

470 781 526 853 sed
547 781 588 852 ab
616 779 679 852 alio
704 777 891 850 mundatem
921 792 955 849 et
983 777 1209 867 commissum,
1231 774 1397 872 delegetur
1425 779 1543 876 appel·

402 921 406 930 ·
470 879 568 950 latur.
595 879 643 950 De
664 893 806 974 utroque
833 875 900 948 duo
932 891 1010 946 sunt
1035 875 1123 946 tituli
1148 877 1185 946 in
1211 873 1438 947 decretalibus.
1549 951 1551 953 .

511 1053 553 1133 (1)
575 1053 649 1134 Cap.
668 1053 708 1113 to
720 1049 756 1112 de
774 1047 893 1112 Verbor.
908 1047 1037 1133 sipnific.

518 1206 549 1308 §.
587 1206 630 1278 ll.
670 1205 807 1278 Mandat
846 1204 932 1278 hanc
969 1171 1165 1304 potestatem
1203 1203 1385 1276 ordinarius
1415 1204 1539 1303 judex,

473 1309 529 1404 qui
554 1331 626 1378 eam
658 1331 717 1377 suo
739 1305 817 1404 jure
848 1305 948 1377 habet
976 1321 1010 1377 et
1039 1302 1174 1374 mandat
1196 1303 1340 1394 utiliter,
1375 1329 1443 1376 non
1472 1329 1542 1376 om·

461 1403 567 1502 *nibus
587 1407 656 1477 sine
676 1402 824 1496 delectu,
847 1403 901 1476 sed
925 1403 988 1474 illis
1008 1405 1066 1501 qui
1080 1400 1208 1501 judiees
1229 1402 1300 1471 deri
1316 1418 1453 1499 possunt
1470 1402 1536 1498 (1)

471 1499 538 1588 Qui
566 1527 635 1574 non
664 1503 831 1600 proriam
858 1518 893 1574 et
923 1528 1014 1603 suem
1047 1500 1146 1572 habet
1171 1499 1450 1600 jurisdictionem,
1484 1500 1542 1572 sed

470 1600 511 1669 ub
538 1598 600 1673 ulio
638 1627 713 1672 men
757 1618 843 1692 tum,
882 1603 909 1672 is
940 1625 1013 1672 eum
1049 1599 1143 1672 alteri
1178 1599 1333 1670 mundare
1373 1624 1443 1670 non
1475 1625 1541 1696 po·

471 1714 534 1770 test
559 1700 638 1797 (2);
667 1702 728 1770 nisi
761 1697 916 1798 procedat
943 1698 985 1769 ab
1022 1700 1093 1796 ipso
1122 1699 1293 1796 principe,
1324 1699 1417 1797 cujus
1448 1696 1542 1769 dele·

472 1812 564 1891 gatus
596 1798 736 1871 alterum
769 1813 855 1870 recte
881 1795 1010 1893 delegat
1040 1796 1108 1892 (5).

514 1994 556 2075 (1)
577 1995 612 2055 1.
631 1995 651 2055 1
669 1997 731 2055 eti
748 1991 782 2055 de
803 1997 828 2056 O
862 2013 887 2055 c.
906 1993 972 2076 ejus
995 1993 1047 2055 cui
1061 1992 1199 2055 maudut.
1212 1993 1347 2076 jurisd5
1364 1993 1400 2053 1.
1418 1995 1435 2054 t
1454 1990 1488 2074 ff.
1506 1991 1542 2051 de

474 2073 591 2138 Jurt'sd.
612 2077 717 2139 Confer
734 2081 816 2138 Bone
840 2095 890 2136 um
910 2075 946 2135 de
963 2079 1035 2137 Jur.
1057 2076 1114 2137 etit.
1137 2073 1188 2136 tt.
1211 2077 1249 2137 17
1268 2099 1333 2162 rap.
1351 2079 1371 2136 8
1387 2074 1415 2156 S.
1435 2075 1499 2135 tet
1524 2077 1541 2132 5
1658 2100 1659 2137 r

475 2177 543 2240 opp.
560 2166 631 2218 tom.
647 2161 666 2218 t
680 2155 734 2218 col.
752 2159 831 2218 1117
847 2165 875 2218 et
888 2159 968 2218 1118
982 2156 1029 2219 ed.
1046 2159 1134 2220 luere
1151 2157 1244 2219 ttst.

514 2239 555 2319 (1)
576 2242 613 2300 1.
626 2237 731 2383 1111)).
747 2238 784 2300 de
796 2236 880 2322 offic.
895 2239 976 2321 ejus,
989 2259 1054 2319 cap.
1071 2242 1111 2302 61
1125 2238 1160 2302 de
1170 2237 1321 2322 Appellat.

517 2324 560 2402 (5)
579 2326 615 2384 1.
631 2325 693 2384 ὅου
720 2320 774 2382 .dc
787 2319 906 2400 ludio,
921 2341 988 2405 cap.
1004 2325 1044 2382 18
1054 2321 1090 2384 de
1103 2320 1187 2404 offic.
1201 2331 1229 2384 et
1239 2330 1343 2405 potest.
1355 2317 1479 2404 delcpot.

523 2475 555 2576 §.
598 2475 655 2547 lll.
694 2474 820 2548 Praeter
847 2474 1018 2576 judicandi
1048 2493 1263 2575 potestatem,
1321 2503 1395 2548 uam
1431 2477 1542 2548 notio·
1658 2482 1659 2485 ’

475 2600 551 2646 nem
579 2573 735 2663 dicimus,
763 2576 851 2645 inest
880 2577 979 2646 etiam
1010 2578 1045 2646 in
1071 2576 1184 2674 judice
1213 2504 1396 2675 jurisdictio
1428 2590 1461 2644 et
1487 2576 1543 2671 jus

476 2671 613 2746 modicae
640 2674 859 2762 coercitionis,
895 2699 955 2770 per
985 2700 1085 2771 quarn
1115 2678 1166 2745 sui
1203 2699 1324 2745 munus
1361 2671 1460 2744 officii
1491 2697 1544 2742 eu·

476 2774 567 2869 sequi
596 2795 634 2843 uc
663 2773 749 2843 tueri
780 2773 900 2869 possit,
932 2786 1031 2870 atque
1059 2774 1095 2845 in
1123 2798 1196 2864 eos,
1228 2774 1285 2871 qui
1310 2797 1424 2869 parere
1448 2795 1544 2841 reeu-

477 2886 568 2961 sunt,
621 2868 867 2943 animadvertat.
921 2869 1050 2942 Modica
1096 2872 1168 2944 haec
1204 2873 1354 2945 coercitio
1406 2872 1543 2941 mixtum

475 2970 649 3065 imperium
680 2968 799 3039 dicitur
827 2969 903 3066 (1),
935 2968 1024 3066 quod
1054 2995 1181 3067 semper
1214 2968 1453 3068 jurisdictioni,
1487 2966 1542 3036 sed

475 3090 543 3138 non
582 3092 710 3138 semer
745 3066 916 3164 judicandi
954 3070 1105 3163 potestati
1144 3068 1290 3141 eohaeret
1338 3066 1407 3161 (1).
1458 3062 1543 3135 Sunt

476 3166 563 3234 enim
596 3091 725 3236 Judices
758 3167 816 3261 qui
849 3166 951 3235 solam
988 3163 1111 3235 habent
1140 3169 1327 3254 notionem,
1359 3189 1426 3236 non
1464 3166 1543 3232 item

469 3259 748 3359 jurisdictionem,
790 3277 824 3333 et
864 3262 899 3331 hi
936 3278 1065 3332 tantum
1099 3289 1170 3333 rem
1205 3280 1443 3336 controversam
1486 3285 1544 3330 co·

476 3376 636 3453 gnoscunt
677 3376 775 3455 utque
810 3358 995 3449 definiunt,
1026 3363 1222 3458 imperium,
1256 3387 1322 3459 quo
1350 3360 1542 3432 sententiam
1658 3383 1659 3430 ς

476 3472 678 3553 exequentur
712 3454 905 3623 adjunctum
945 3482 1013 3528 nou
1046 3458 1187 3550 habent,
1223 3486 1261 3531 ac
1301 3462 1433 3558 proprie
1477 3482 1544 3529 non

472 3556 527 3651 jus
560 3553 686 3644 dicere,
712 3578 744 3624 se
789 3553 937 3654 judicare
966 3555 1117 3628 dicdntur
1133 3558 1200 3655 (5).

516 3723 559 3805 (1)
579 3726 702 3787 Mirtum
725 3726 882 3804 imperium
905 3726 1029 3805 dicitur,
1057 3728 1136 3809 quod
1158 3730 1355 3810 jurisdictioni
1381 3732 1543 3791 admixtum

477 3814 522 3868 est
539 3807 576 3867 ab
603 3826 695 3887 eaque
713 3810 841 3888 seperari
859 3827 920 3870 non
935 3818 1030 3890 potest
1050 3812 1086 3872 1.
1108 3815 1123 3873 1
1142 3813 1177 3873 in
1190 3812 1300 3896 fituff.
1322 3812 1358 3875 de
1380 3810 1461 3895 Offic.
1480 3813 1544 3895 ejus

477 3890 527 3951 cui
552 3888 654 3951 reond
679 3898 733 3953 est.
752 3888 884 3954 lurisd..
904 3892 940 3952 1.
963 3892 1033 3975 5)).
1054 3892 1091 3955 de
1109 3894 1229 3957 Jurud.
1249 3899 1368 3958 Frustra
1382 3898 1463 3957 enirn
1480 3913 1544 3957 rna-

477 3972 615 4052 gistratus
635 3991 749 4033 euussrn
781 3984 966 4054 cognosceret
989 3984 1077 4055 atquc
1096 3977 1208 4056 aliquid
1227 3976 1413 4054 decerneret,
1437 3979 1461 4038 si
1485 3996 1543 4037 non

476 4061 572 4133 posset
589 4054 693 4132 exequi
712 4055 885 4115 sententiam
905 4076 1023 4135 sumque
1046 4057 1243 4136 jurisdictioni
1280 4077 1364 4120 urere
1379 4068 1544 4121 recusantes

477 4154 620 4197 coercere.
644 4140 743 4215 {tuque
763 4138 914 4198 verissime
934 4140 1040 4200 Paulus
1058 4140 1092 4201 in
1115 4142 1150 4203 1.
1176 4139 1234 4202 ult.
1312 4139 1399 4225 Offic.
1413 4141 1479 4225 ejus
1495 4144 1545 4203 cui

477 4216 580 4281 mend.
593 4218 705 4298 inquit,
718 4219 781 4280 sine
794 4219 907 4281 modico
918 4222 1092 4285 coercitione
1103 4223 1214 4285 nullam
1225 4240 1288 4286 esse
1295 4224 1541 4303 jurisdictionem.
1658 4299 1659 4306 ἵ
