3575 5625
892 663 1115 734 -177-

458 812 642 882 inimicitias
688 812 790 905 gerit,
834 811 910 907 quia
949 812 1034 907 juris
1074 811 1265 906 imperitus,
1310 809 1386 906 quia
1429 805 1537 878 eidem

458 924 748 1101 pausaehpabtpopg
769 907 851 999 init,
874 909 951 1006 quis
983 910 1125 980 similem
1148 908 1218 1003 ipse
1249 907 1287 976 in
1325 905 1387 976 ulio
1406 903 1532 1004 judicio

474 1021 551 1077 rtem
592 1031 609 1075 s
654 1021 668 1075 t
743 1057 752 1074 .

499 1176 542 1340 ΗΞ
562 1176 669 1239 confer
679 1176 799 1238 titulum
813 1177 926 1240 Codicis
941 1179 976 1240 Si
995 1196 1086 1239 nona
1100 1173 1391 1273 cmopetemjedim

499 1259 530 1338 (2
564 1261 637 1340 Cup.
655 1261 694 1319 56
710 1258 746 1320 de
758 1257 907 1341 Appellat.
922 1259 999 1322 Vide
1010 1260 1099 1320 etiam
1113 1259 1283 1338 capitularis
1297 1257 1391 1320 Caroir
1407 1259 1447 1318 11.
1466 1257 1500 1316 t.
1516 1257 1535 1316 7

459 1357 524 1422 cop.
538 1342 599 1401 240
609 1335 663 1401 coi.
674 1343 735 1402 718
746 1349 816 1403 tom.
835 1345 848 1402 1
866 1339 938 1403 edit.
953 1338 1079 1402 Boluzii
1093 1343 1194 1404 Venet.
1212 1342 1305 1402 1772.

506 1492 537 1594 §.
572 1495 633 1566 lx.
673 1494 798 1568 Omnes
832 1495 991 1569 dilatoriae
1034 1497 1240 1593 exceptiones
1277 1497 1364 1566 inter
1404 1493 1535 1566 exordia

458 1589 523 1662 litis
558 1593 625 1689 (i),
659 1591 723 1665 hoc
755 1610 805 1665 est
836 1610 913 1665 unte
947 1594 1040 1666 litem
1075 1607 1287 1665 contestatam
1324 1591 1535 1688 opponendae

456 1706 534 1760 sunt
565 1689 638 1786 (2),
666 1693 728 1762 nisi
753 1707 864 1788 postea
889 1691 1117 1780 suboriantur,
1155 1687 1205 1760 rel
1239 1705 1350 1785 postea
1382 1689 1534 1762 innotes-

458 1803 534 1857 cunt
565 1787 633 1883 (5)
669 1786 886 1873 Quinetiam
915 1814 957 1860 ne
983 1788 1060 1860 dolo
1092 1803 1126 1859 et
1155 1786 1279 1857 malitia
1301 1788 1347 1856 rei
1368 1784 1535 1883 judicium

457 1886 491 1953 in
515 1882 651 1978 longum
689 1885 857 1975 trahatur,
890 1902 998 1958 certus
1028 1912 1046 1958 a
1079 1884 1192 1983 judice
1223 1883 1351 1954 dendus
1383 1899 1433 1953 est
1464 1883 1534 1955 dies

457 1979 612 2052 dilatoriis
653 1983 897 2078 exceptionibus
937 1981 1165 2082 opponendis3
1210 2007 1277 2080 quo
1316 1980 1425 2078 elapso
1467 1979 1534 2054 iliae

456 2091 586 2147 tantum
630 2081 770 2174 proponi
801 2094 957 2175 possunt,
1002 2106 1082 2177 ques
1128 2105 1209 2152 nova
1252 2077 1374 2150 obtulit
1416 2101 1531 2166 ceusu,

383 2259 386 2264 Ι
457 2198 603 2270 quasque
635 2200 709 2245 reus
738 2191 818 2247 tunc
847 2175 908 2246 sibi
936 2179 1081 2270 primurn
1112 2176 1208 2248 fuisse
1236 2177 1379 2271 cognitas
1402 2176 1534 2273 juretus

457 2270 667 2342 affirmaverit
694 2272 770 2368 (4),
798 2275 878 2344 item
903 2299 944 2344 ue
977 2275 1067 2365 ille,
1103 2297 1179 2372 quae
1205 2275 1334 2345 irritum
1366 2287 1402 2342 et
1434 2273 1534 2344 inane

451 2367 613 2465 judicium
645 2368 770 2440 iaciunt
793 2371 859 2467 (5).
938 2372 959 2442 d
984 2374 1164 2469 pracsertim
1192 2373 1285 2442 initio
1315 2366 1402 2457 litis,
1433 2383 1535 2466 atquc

457 2481 533 2535 ante
563 2481 685 2538 cetems
716 2466 879 2538 dilatorias
917 2473 1123 2566 exceptiones
1156 2469 1279 2564 opponi
1312 2466 1412 2537 debet
1439 2489 1533 2562 prae·

455 2564 587 2658 scriptio
617 2564 703 2652 sori,
737 2589 780 2635 ne
809 2567 904 2661 quis,
937 2593 975 2637 ea
1007 2569 1149 2655 omisso,
1177 2567 1203 2636 si
1233 2563 1274 2634 ad
1305 2565 1447 2661 aliquem
1475 2588 1533 2634 ac-

456 2674 528 2729 tum
560 2661 738 2760 injudicio
766 2679 899 2759 perget,
936 2667 971 2734 iu
1002 2664 1148 2762 judicem
1183 2665 1378 2734 consensisse
1419 2658 1533 2732 vidce-

457 2771 512 2827 tur
550 2757 622 2855 (ii):
653 2761 714 2831 nisi
754 2761 838 2830 'usta
879 2760 1047 2833 recusandi
1082 2760 1202 2860 judicis
1246 2785 1339 2831 ceusu
1379 2757 1534 2855 deinceps

453 2855 617 2927 exoriatur
647 2856 715 2954 (7).
747 2787 921 2954 iincipitur
948 2858 1102 2949 clericus,
1143 2860 1222 2955 qui,
1258 2859 1307 2927 uti
1330 2855 1532 2928 demonstre-

456 2968 528 3022 tum
562 2980 659 3051 supra
692 2971 764 3045 est,
802 2956 1065 3054 jurisdictionem
1102 2954 1173 3028 lnici
1203 2952 1324 3054 judicis
1355 2977 1532 3051 prorogare

457 3074 524 3121 non
541 3056 653 3148 possit.

496 3243 522 3325 (1
560 3248 608 3309 Sic
619 3248 754 3311 Julianus
766 3250 926 3329 imperetur
939 3248 972 3311 iu
988 3250 1026 3311 t.
1039 3250 1079 3311 11
1093 3246 1157 3312 eod.
1170 3246 1206 3311 de
1216 3249 1341 3329 Except.

495 3328 526 3405 (2
561 3332 628 3389 uec
641 3331 762 3407 quidem
774 3332 906 3393 canonici
921 3339 951 3392 et
971 3332 1071 3392 Civilis
1090 3332 1171 3394 iuris
1184 3331 1285 3410 regula
1300 3336 1345 3389 est
1361 3328 1394 3405 iu
1407 3328 1443 3387 L.
1460 3328 1480 3388 1
1494 3324 1532 3387 rie

454 3405 571 3469 tonsu.
585 3427 665 3469 omn.
679 3409 767 3491 jud„
782 3420 811 3471 et
821 3411 855 3471 io
874 3412 925 3473 cit.
947 3415 984 3475 t.
1001 3416 1052 3491 11,
1067 3419 1095 3474 et
1116 3430 1183 3495 cup.
1206 3414 1247 3473 20
1267 3410 1304 3473 de
1322 3412 1441 3472 Seutcu.
1458 3416 1486 3470 et
1498 3427 1530 3469 re

449 3487 550 3571 judie.
563 3488 605 3567 (ὅ)
618 3492 691 3570 Cup.
708 3489 775 3551 ide
791 3492 915 3574 Except.

507 3570 540 3641 1)
563 3572 637 3650 Cap.
653 3571 869 3653 tcit.,·ccp.6.
888 3572 951 3651 Qui
959 3574 1093 3636 matrim.
1106 3592 1205 3636 acciu.
1215 3592 1282 3657 pos.

507 3649 537 3727 t)
558 3653 623 3710 Huc
640 3660 750 3730 spectat
773 3656 905 3733 exceptio
927 3656 991 3717 iaisi
1016 3657 1231 3734 procuratoris,
1247 3672 1299 3717 seu
1319 3651 1457 3714 mandato
1480 3669 1531 3712 ca-

454 3730 563 3807 rentis,
579 3750 646 3808 que
665 3757 679 3786 α
706 3738 771 3797 Non
789 3736 884 3797 solum
901 3744 970 3797 ante
990 3738 1176 3814 sententiam,
1195 3756 1299 3800 verum
1319 3736 1407 3797 etism
1429 3740 1530 3813 postea

454 3819 550 3893 potest
571 3812 675 3890 objici,
703 3821 804 3894 utpote
830 3836 888 3896 qus
912 3819 1033 3897 probate
1051 3819 1197 3897 judicium
1231 3818 1346 3880 nullum
1367 3823 1397 3877 et
1418 3814 1530 3876 nullius

454 3894 596 3956 momenti
612 3898 816 3959 controversie
829 3906 1017 3977 repetentur,
1032 3924 1045 3953 u
1067 3908 1099 3961 ut
1114 3902 1211 3979 inquit
1222 3898 1372 3975 Pontifex,
1385 3896 1419 3957 iu
1428 3897 1530 3978 copi

454 3974 489 4038 de
512 3978 671 4038 Procuret.
695 3978 803 4039 Eadem
822 3982 898 4041 mtio
914 3988 959 4040 est
976 3984 1154 4061 exceptionis
1167 3982 1294 4046 revocati
1312 3978 1529 4060 procuratoris,

452 4075 520 4121 cum
536 4058 706 4120 mundatum
717 4078 767 4121 exs
788 4061 859 4138 iret,
877 4068 1064 4144 posteaquem
1079 4072 1247 4127 revocatum
1261 4070 1307 4128 est
1322 4081 1348 4123 c.
1367 4057 1464 4123 Sicuti.

506 4141 537 4221 o)
557 4142 594 4201 L.
612 4144 625 4203 1
642 4140 749 4224 etiff.
810 4141 915 4204 ludio.

507 4224 537 4301 7)
559 4226 632 4306 Cup.
648 4227 685 4287 tt
700 4233 729 4288 et
740 4226 779 4289 tt
794 4223 830 4288 cte
842 4223 925 4309 Offic.
935 4225 1034 4312 judic.
1049 4226 1174 4313 deiequt.
