3575 5625
879 624 927 637 -
955 580 1103 652 set-

489 732 532 814 (b)
552 730 670 795 Novell.
697 732 753 807 77,
781 730 920 808 idemque
944 729 994 809 jus
1018 730 1105 789 etiarn
1132 728 1163 787 in
1186 726 1397 804 capitularibus
1420 744 1530 809 regum

449 821 627 879 Francorum
641 814 832 875 constitutum
848 820 891 872 est
907 816 941 873 C.
959 814 1014 874 101
1039 807 1090 871 lib.
1106 810 1125 869 6
1140 806 1238 870 addit.
1258 809 1291 883 5,
1309 808 1342 869 C.
1366 811 1493 871 811616.
1510 812 1527 869 1

449 894 505 959 661.
520 898 579 957 686
594 894 665 957 edit.
683 896 782 955 Venet.
802 894 892 955 1772.

489 978 520 1059 (6
553 976 865 1038 levit.XXlVoers.
885 977 934 1036 16.

490 1060 522 1142 (1
557 1059 705 1121 Adversus
728 1056 915 1137 blasphemos
938 1056 1009 1117 alias
1030 1054 1139 1115 indixit
1157 1072 1258 1133 poenas
1276 1056 1333 1116 Leo
1361 1054 1529 1115 Xcorrstit.

447 1143 593 1223 Supemoe
607 1137 810 1221 dispositionis
824 1138 903 1218 apud
914 1136 1067 1201 Giraldnm
1078 1136 1204 1219 reposit.
1216 1140 1290 1199 lar.
1306 1132 1425 1215 Pontis.
1439 1130 1491 1194 lib.
1507 1139 1529 1196 s

450 1223 497 1284 tit.
512 1223 551 1283 26
565 1228 633 1283 sect.
647 1222 709 1282 860
722 1239 794 1302 paq.
812 1222 887 1297 697,
909 1228 939 1279 61
952 1219 1024 1280 alias
1037 1217 1134 1281 lulius
1148 1219 1190 1279 lll
1203 1224 1297 1279 const.
1312 1220 1351 1279 16
1365 1212 1471 1277 multia
1487 1218 1534 1277 51·

446 1322 520 1386 pap.
537 1305 597 1364 508
611 1310 682 1365 tom.
697 1304 717 1363 1
735 1320 807 1385 ραν.
825 1298 965 1363 1661166.
986 1300 1183 1363 1166666116
1202 1300 1350 1360 recentior
1363 1301 1396 1360 S.
1418 1297 1532 1358 Piusv

449 1392 543 1447 const.
569 1387 645 1467 Gom
659 1383 796 1465 primum
821 1385 840 1444 9
864 1382 891 1463 §.
914 1384 953 1443 10
964 1400 1037 1477 paq.
1062 1382 1123 1443 nst
1147 1388 1220 1443 tom,
1245 1384 1266 1441 t
1279 1398 1349 1461 par.
1375 1375 1528 1440 2661166.

449 1469 577 1528 Roman.
600 1465 738 1542 sancivit,
755 1474 789 1525 ut
807 1464 898 1525 laicus
921 1488 935 1517 e
956 1466 1015 1540 Qun
1035 1466 1131 1525 Deum
1154 1468 1185 1523 et
1208 1462 1370 1524 Domimm
1391 1467 1532 1521 nostrum

442 1550 550 1609 lesum
573 1546 740 1624 Christum,
778 1548 825 1607 vel
852 1546 1009 1627 gloriosam
1033 1545 1188 1625 Virginem
1212 1544 1335 1605 blarimn
1355 1540 1418 1621 ejus
1442 1542 1532 1622 geni-

449 1630 554 1689 tricem
578 1646 714 1707 expresse
732 1628 996 1707 blasphemaverit,
1015 1644 1070 1707 pro
1095 1625 1191 1706 prima
1203 1625 1267 1687 rice
1281 1642 1398 1704 poenam
1421 1624 1532 1703 viginti

449 1711 581 1790 quinque
604 1710 778 1772 ducatorum
798 1710 944 1787 incurrat,
966 1726 1021 1788 pro
1046 1708 1174 1769 secunda
1198 1724 1284 1786 poena
1309 1704 1529 1785 duplicabitur,

450 1810 504 1871 pro
530 1793 617 1853 tertie
634 1800 733 1853 autem
756 1801 875 1853 eentum
897 1791 1016 1851 ducatos
1033 1790 1146 1865 solvet,
1171 1797 1202 1849 et
1224 1788 1386 1869 ignominia
1409 1793 1533 1847 notetus

451 1874 539 1935 exilio
551 1874 737 1934 multabitur.
752 1898 766 1927 6
787 1873 938 1952 Plebejus,
954 1873 1005 1951 qui
1026 1870 1165 1932 solvendo
1184 1870 1314 1945 nonsit,
1334 1872 1422 1931 «Pro
1432 1869 1532 1946 prima

451 1957 516 2015 vice
534 1955 670 2016 manibus
685 1963 751 2034 post
767 1962 883 2037 tergum
899 1954 997 2035 ligatis
1015 1953 1175 2013 6161616666
1192 1951 1320 2013 ecclesia
1334 1950 1533 2011 coustituetur

451 2056 505 2115 per
528 2035 607 2098 diem
629 2038 795 2116 integrum,
815 2054 869 2116 pro
893 2034 1021 2096 emunda
1038 2032 1228 2114 iustignbitur
1245 2052 1300 2112 per
1322 2032 1446 2107 urbem,
1475 2050 1532 2110 pro

449 2119 537 2179 tortia
559 2119 586 2179 ei
609 2118 808 2197 perforabitur
827 2118 929 2198 lingua
948 2125 979 2177 et
992 2117 1127 2176 mittetur
1147 2114 1184 2175 ad
1198 2114 1346 2176 triremes.
1365 2139 1379 2167 6
1399 2112 1533 2176 Clericus

452 2216 523 2259 vero
537 2199 725 2277 blasphemus
748 2216 782 2259 ex
797 2199 900 2259 eadem
919 2198 963 2260 Pii
981 2198 1189 2258 constitutione
1212 2214 1266 2274 pro
1281 2195 1455 2275 primariae
1469 2196 1532 2274 pri-

450 2278 565 2341 vandus
580 2288 626 2340 est
642 2280 786 2341 fructibus
809 2282 898 2341 unius
914 2279 984 2340 anni
1001 2280 1136 2339 omnium
1157 2277 1383 2353 beneficiorum,
1410 2294 1466 2355 pro
1488 2294 1532 2337 se·

453 2360 547 2421 cunda
571 2361 641 2439 ipsis
664 2360 827 2436 beneficiis,
843 2379 897 2440 pro
915 2362 1002 2420 tertia
1023 2359 1144 2420 demum
1160 2360 1297 2420 omnibus
1320 2357 1531 2438 6666661361-

452 2441 561 2501 tatibus
588 2442 735 2520 privatus,
761 2440 952 2518 deponendus
970 2450 1059 2518 atque
1083 2442 1115 2501 in
1134 2442 1255 2501 exilium
1281 2439 1444 2500 mittendus
1472 2448 1527 2500 est.

452 2523 581 2587 Clericus
600 2540 686 2599 vero,
707 2522 758 2601 qui
778 2520 955 2583 beneficium
980 2540 1039 2582 666
1055 2521 1160 2598 babet,
1174 2540 1229 2601 pro
1242 2524 1336 2600 prima
1360 2521 1423 2581 vice
1440 2538 1532 2598 pecu-

451 2604 545 2664 niaria
560 2605 606 2664 rel
630 2604 773 2683 corporali
795 2621 879 2683 poena
894 2603 1067 2681 plectendus
1088 2612 1147 2678 est,
1170 2622 1224 2683 pro
1238 2603 1329 2663 altera
1354 2602 1385 2661 in
1398 2620 1530 2662 carceres

451 2684 673 2762 detrudendus,
699 2702 753 2764 pro
772 2686 859 2746 tertia
885 2685 1006 2746 demum
1032 2685 1191 2746 verbaliter
1214 2681 1418 2765 degradandus
1438 2690 1530 2761 atque

453 2764 492 2827 ad
518 2767 654 2827 triremes
678 2766 852 2828 mittendus.
878 2767 936 2843 Qui
957 2768 990 2829 in
1015 2774 1128 2828 sanctos
1151 2766 1346 2847 blaspliemias
1373 2762 1529 2841 effuderit,

452 2866 519 2908 euru
535 2852 566 2911 S.
586 2849 656 2910 Pius
675 2853 702 2911 V
717 2848 831 2912 ludicis
850 2849 991 2927 arbitrio,
1018 2849 1132 2909 ratione
1144 2849 1277 2909 criminis
1289 2868 1323 2909 ac
1335 2865 1529 2927 personarum

452 2927 568 3006 habita,
594 2930 694 3009 puniri
714 2931 817 2992 voluit.
840 2935 970 3007 Verum,
997 2931 1039 2990 uti
1065 2938 1164 2991 monet
1175 2930 1331 2992 cardinalis
1350 2928 1479 2991 Albitius
1492 2927 1528 2990 de

453 3011 637 3073 incrustant.
654 3011 685 3072 in
702 3009 759 3094 fid.
783 3029 850 3096 cap.
868 3014 903 3073 51
926 3013 1089 3074 6616169
1109 3019 1224 3096 etseq,
1246 3031 1326 3074 6666
1346 3031 1363 3070 6
1386 3010 1528 3071 tribunali

453 3097 517 3155 sne.
538 3093 738 3172 inquisitionis
769 3103 871 3156 666166
894 3093 1095 3174 blasphemos,
1129 3101 1263 3174 respectu
1288 3094 1390 3155 habito
1410 3092 1449 3153 ad
1471 3093 1527 3153 cri-

451 3193 521 3236 men
536 3185 624 3254 utque
635 3175 673 3236 ad
687 3193 840 3254 personas,
852 3194 946 3256 poenoe
959 3176 1123 3238 arbitrariae
1135 3177 1367 3238 constituuntur.

495 3255 536 3336 (ὅ)
560 3259 634 3339 Cup.
653 3255 853 3320 redeberet.
867 3258 900 3319 in
914 3260 946 3318 6.

495 3337 537 3418 (6)
560 3339 632 3418 Gap.
646 3340 666 3399 2
680 3336 879 3418 6666616616.,
897 3339 995 3418 ibique
1009 3339 1150 3402 Gonzalea
1164 3358 1250 3401 cum.
1267 3341 1299 3400 7.
