3575 5625
677 707 897 778 -517-

252 854 345 939 Quin
391 853 579 953 hujusmodi
627 852 812 927 collationes
855 854 952 1023 plane
1000 858 1099 929 irritae
1144 864 1321 957 inanesque

251 968 331 1025 aunt
364 952 440 1049 (2)3
465 952 566 1051 idque
596 951 724 1025 obtinet
752 954 817 1025 sire
841 979 859 1024 a
903 970 1042 1051 utraque
1066 970 1157 1051 parte
1187 958 1322 1030 simonia

254 1050 399 1148 perfecta
424 1053 479 1141 sit,
509 1053 574 1122 sire
603 1052 817 1125 conventione
845 1052 969 1123 nitatur
998 1052 1077 1151 (ὅ),
1106 1069 1174 1125 tam
1199 1056 1224 1125 si
1255 1058 1324 1153 ipse

252 1148 399 1239 electus,
421 1152 570 1247 quamsi
598 1176 637 1221 eo
664 1152 776 1245 ignaro
807 1150 876 1262 ejus
909 1150 1003 1222 amici
1035 1166 1069 1222 et
1096 1157 1324 1246 consanguinei

251 1248 946 1438 tttntttd‘tutttat'ttt‘tss
962 1248 1325 1445 titltttttt

253 1442 400 1535 fructus,
432 1446 457 1515 si
486 1468 568 1543 quos
595 1447 727 1515 interim
757 1448 957 1545 percipiant,
989 1460 1225 1544 perceptosque
1247 1470 1324 1517 om·

254 1566 316 1613 nea
355 1545 521 1614 restituere
558 1558 719 1639 coguntur
759 1543 824 1640 (5).
875 1542 1020 1615 Simonia
1063 1560 1174 1615 tamen
1213 1560 1324 1616 mente

256 1656 413 1738 concepta
451 1640 693 1713 beneficiarium
733 1666 801 1713 non
831 1645 918 1739 cogit
956 1640 997 1711 ab
1032 1640 1228 1715 beneficium
1267 1642 1323 1712 di·

257 1739 477 1830 mittendum,
519 1737 575 1811 sed
617 1765 654 1811 ea
696 1755 824 1811 tantum
869 1765 929 1838 per
962 1742 1189 1837 paenitentiam
1237 1739 1324 1838 apud

259 1836 366 1909 Deum
396 1837 517 1909 eluitur
540 1838 606 1934 (6).
692 1849 694 1861 “

299 2008 325 2091 (t
364 2010 607 2075 Gao.9cuoa.t
645 2013 779 2073 mett.

303 2092 333 2165 (2
363 2095 530 2176 Eutroouq.
548 2090 612 2155 ide
623 2030 737 2157 ianua.
753 2093 842 2157 inter.
856 2112 1006 2157 commun.

303 2174 345 2335 (dp
365 2176 439 2237 Coa.
456 2178 475 2237 6
490 2180 601 2239 ouum
620 2183 723 2259 quest.
740 2178 771 2237 t.

312 2258 330 2316 t
364 2260 438 2339 Cup.
455 2260 495 2318 27
508 2256 694 2319 decimenta.

311 2340 340 2419 t)
360 2340 527 2421 Eutrouop.
543 2344 563 2402 θ
577 2340 625 2401 cit.
642 2344 672 2403 S.
686 2339 755 2403 Pius
773 2342 799 2401 V
813 2348 906 2403 curat.
920 2344 997 2402 Cum
1005 2343 1139 2424 pnicum
1149 2344 1168 2404 9
1178 2340 1205 2424 S.
1221 2341 1322 2405 atatt.

259 2422 386 2482 amaon.
403 2430 473 2483 tom.
487 2425 583 2505 tpor.
600 2424 666 2503 ip.
686 2422 756 2483 tat.
771 2423 847 2484 Vide
861 2425 950 2485 etiam
965 2426 996 2486 S.
1013 2424 1119 2488 Tuom.
1136 2428 1166 2487 2.
1183 2428 1323 2509 iqaaeat.

260 2502 674 2586 {coartatamponaad
687 2504 716 2563 5.
843 2556 849 2569 .

315 2584 345 2665 6)
368 2586 438 2667 Cup.
463 2583 519 2647 trit.
538 2585 601 2648 eod.
625 2586 732 2647 Confer
756 2588 925 2671 Fagnanum
945 2588 977 2649 ist
1000 2606 1066 2669 cup.
1084 2609 1119 2651 ex
1130 2598 1217 2671 porte
1236 2592 1275 2650 ¹2
1289 2588 1325 2649 de

260 2686 279 2728 o
330 2663 474 2749 delegat.
489 2686 573 2730 num.
590 2668 637 2730 ta.
1422 2704 1426 2709 ⁴

304 2815 335 2916 ς.
368 2815 444 2887 Xii.
477 2817 555 2889 iure
592 2842 675 2890 noro
714 2817 922 2914 depositionis
958 2845 1084 2915 poenae,
1121 2845 1186 2918 qua
1222 2822 1324 2892 simo·

255 2919 348 2989 niace
378 2915 564 2988 ordinantes
602 2933 634 2986 et
678 2916 818 2988 ordinati
864 2915 1113 3015 plectebantur,
1159 2921 1324 3015 suspensio

252 3013 388 3086 suffecta
417 3029 479 3085 eat.
519 3015 560 3085 Et
595 3013 782 3087 ordinantes
816 3012 951 3111 quidem
986 3013 1027 3084 ab
1058 3017 1206 3085 omnium
1233 3014 1324 3084 ordi-

255 3139 361 3202 num,
409 3114 505 3184 etiam
555 3115 670 3212 primae
705 3129 867 3202 tonsure,
906 3111 1076 3183 collatione
1118 3110 1326 3206 suspendun-

257 3227 332 3300 tur,
376 3235 446 3281 eam
495 3237 515 3282 e
559 3235 612 3282 sus
655 3213 823 3300 nsionem,
881 3233 956 3307 quae
1014 3225 1108 3280 antea
1160 3207 1327 3280 triennalis

257 3325 330 3380 erat
350 3306 419 3405 (i),
477 3311 560 3380 'tus
591 3237 840 3407 ipeperpetuam
866 3307 943 3381 iecit
970 3307 1045 3405 (2),
1072 3306 1209 3404 illosque
1229 3312 1326 3379 etiam

256 3405 399 3478 ecclesie
434 3408 577 3502 ingressu
606 3423 640 3478 et
676 3403 918 3478 Pontificalium
952 3432 1014 3477 usu
1044 3404 1223 3502 prohibuit.
1259 3405 1328 3479 Or·

257 3504 364 3575 dinati
400 3520 512 3576 autem
554 3529 614 3602 per
656 3507 827 3576 simoniam
865 3531 883 3576 a
918 3531 956 3576 su
1032 3519 1141 3575 torum
1175 3503 1328 3576 ordinum

257 3628 321 3675 usu
351 3601 618 3700 suspenduntur,
648 3602 754 3675 donec
794 3628 812 3672 a
842 3529 1166 3676 summdoeiontifioe
1202 3606 1328 3675 reniam

254 3703 514 3798 impetraverint.
549 3701 711 3773 praterea
751 3716 818 3770 tam
856 3700 1062 3791 ordinantes,
1096 3727 1194 3799 quam
1237 3701 1329 3773 ordi·

257 3803 329 3871 nati
368 3797 556 3871 afficiuntur
580 3801 918 3871 excommunicatione
943 3799 1018 3871 latae
1053 3803 1225 3871 sententie
1257 3800 1327 3872 Ro-

1062 4050 1071 4065 .
1105 3992 1204 4079 Quod
1230 3995 1326 4064 etiam

259 3922 360 3970 mano
399 3895 552 3969 Pontifici
587 3911 779 3987 reservatae,
814 3897 986 3995 eidemque
1020 3921 1132 4090 ppnae
1165 3897 1325 3983 subsunt,

304 3997 314 4065 i
349 3998 431 4066 tanti
467 3997 610 4068 criminis
637 4011 816 4092 sequestres
843 3994 1018 4091 suerunt(

255 4021 387 4166 dictum
426 4092 500 4165 volo
535 4094 577 4166 de
612 4095 668 4184 iis,
711 4097 769 4192 qui
802 4096 975 4166 simoniace
1012 4090 1237 4179 coutulerunt,
1272 4105 1329 4158 aut

257 4208 455 4288 acceperunt
490 4189 706 4279 beneficium
745 4217 821 4262 narn
864 4207 899 4263 et
927 4191 962 4260 hi
995 4189 1090 4262 simili
1136 4211 1326 4260 excommu-

258 4291 414 4362 nicationi
441 4289 575 4388 subjecti
598 4306 675 4363 sunt
703 4289 772 4387 (d).
