3575 5625
643 579 860 648 -515-

233 745 262 797 et
298 727 433 799 ecclesie
477 726 596 797 utilitas
647 725 851 823 impellentes
897 743 1024 798 tentum
1067 753 1169 800 eausae
1214 754 1281 799 esse

232 826 355 917 debent,
388 839 522 922 propter
537 851 629 924 ¹quas
657 825 816 897 beneficia
841 825 1059 897 comedantur
1087 825 1154 922 (ἢ).

266 997 304 1078 (i)
316 1001 404 1061 Reote
417 997 561 1059 Pasobulis
580 1001 614 1060 P.
628 1017 697 1058 oon.
721 999 819 1079 ieop.
834 1000 848 1058 i
866 1015 896 1079 q.
914 997 944 1056 5.
974 997 1133 1076 «Quisquis
1156 998 1278 1072 horum,

231 1081 335 1158 inquit,
355 1080 481 1140 alterum
493 1079 611 1158 vendit,
626 1080 690 1140 sine
709 1097 768 1158 quo
781 1097 835 1140 neo
844 1079 969 1139 alterum
981 1079 1129 1157 provenit,
1145 1089 1280 1141 neutrum

230 1162 405 1222 invenditum
419 1163 607 1241 derelinquit.
621 1188 634 1216 s

266 1243 305 1323 (ἢ)
317 1245 422 1306 Confer
442 1244 593 1306 decretum
609 1244 770 1306 iunocentii
795 1247 836 1305 xt
855 1240 935 1321 apud
950 1240 1208 1322 Schmolzgrueber
1226 1247 1284 1304 Juo

231 1323 292 1387 erat.
308 1323 357 1388 tto.
381 1329 513 1408 bpsr.i
540 1326 585 1388 tit.
607 1329 626 1388 5
646 1345 730 1388 oum.
747 1327 798 1388 72.
822 1326 897 1386 itinn
920 1325 1026 1386 merito
1051 1324 1194 1385 damnate
1218 1332 1286 1384 sunt

230 1417 288 1468 tum
311 1409 348 1470 ab
372 1408 537 1472 Alexandro
558 1411 627 1484 vlt,
651 1418 717 1470 tum
744 1409 783 1470 ab
807 1407 978 1470 innoeentio
1007 1410 1049 1469 xl
1076 1405 1286 1484 propositiones

230 1490 372 1568 quodam,
396 1511 462 1570 quae
484 1491 522 1553 ad
544 1491 737 1553 excusandum
760 1487 993 1570 quodammodo,
1019 1495 1069 1548 unt
1094 1486 1287 1568 obtegendam

229 1571 375 1634 simoniam
387 1573 586 1653 pertinebunt,
605 1591 735 1651 quasque
754 1571 893 1632 describit
918 1569 1026 1631 Natalis
1051 1570 1132 1631 Alex.
1160 1565 1283 1650 theoiop.

229 1651 322 1736 dorm.
338 1653 483 1716 etrnorol.
501 1652 551 1716 bb.
568 1657 587 1714 2
602 1673 667 1736 cop.
681 1655 699 1714 7
715 1662 774 1714 ort.
788 1655 820 1714 2.

267 1811 304 1909 ᾗ.
335 1810 400 1881 ΙΧ.
432 1813 491 1882 Est
519 1813 618 1880 etiarn
652 1811 799 1882 simoniae
842 1825 1067 1904 tegumentum
1108 1806 1288 1906 redemptio

229 1912 423 2000 vexationis,
449 1934 527 2006 quta
555 1910 616 1997 fit,
649 1933 724 1978 eum
755 1905 945 2006 temporalis
971 1906 1110 1994 dantur,
1146 1931 1187 1977 ne
1219 1910 1290 2005 quis

228 2006 461 2103 impedimento
508 2009 567 2096 sit,
606 2007 780 2104 quominus
822 2005 904 2078 alter
960 2030 1028 2076 rem
1070 2005 1288 2102 spiritualem,

231 2121 288 2174 ant
311 2109 412 2201 quasi,
433 2131 472 2176 oo
574 2121 659 2174 atur.
684 2102 758 2189 Qua
783 2105 820 2173 in
846 2129 882 2174 re
906 2101 1083 2174 ridendum
1114 2117 1182 2192 est,
1208 2129 1288 2174 num

227 2201 302 2286 iile,
345 2205 402 2299 qui
444 2129 714 2299 iffiimentum
743 2201 864 2293 infert,
886 2203 943 2299 jus
973 2205 1008 2272 in
1040 2227 1076 2273 re
1104 2199 1221 2272 babeat
1257 2218 1291 2271 et

228 2325 309 2370 num
349 2301 447 2391 alter,
485 2303 542 2398 qui
576 2299 657 2371 illud
692 2323 859 2372 removere
895 2316 1055 2390 oonatur,
1090 2301 1135 2370 rei
1164 2324 1290 2396 posses·

229 2401 349 2470 sionem
376 2399 573 2488 obtinuerit,
603 2423 647 2470 nn
674 2421 776 2469 secus.
812 2397 897 2471 Cum
926 2396 973 2468 illi
1002 2399 1059 2492 jus
1095 2413 1165 2486 est,
1193 2414 1290 2495 atque

230 2495 307 2566 alter
348 2496 497 2568 noudum
535 2499 582 2568 rei
633 2499 868 2593 possessionem
921 2497 1107 2594 aequisivit,
1157 2497 1291 2568 simonia

231 2592 427 2666 contrahitur
457 2594 531 2691 (i);
566 2609 678 2666 eontra
708 2592 799 2665 nulla
829 2597 964 2666 simonia
1000 2609 1069 2683 est,
1105 2595 1130 2663 si
1162 2593 1292 2665 nulium

230 2693 293 2787 ipse
313 2695 370 2792 jus
402 2691 522 2783 habet,
563 2707 661 2788 atque
690 2691 771 2762 aiter
805 2693 860 2790 jus
894 2689 1076 2790 perfeetum
1116 2693 1294 2788 acquisive-

230 2792 287 2880 rit,
324 2793 401 2890 quia
441 2817 550 2863 revera
594 2787 677 2863 nihil
708 2791 876 2885 spirituale
916 2792 1022 2887 pretio
1065 2805 1291 2887 comparetur,

230 2886 300 2960 lieet
343 2892 467 2989 injuste
509 2903 603 2987 aget,
639 2889 696 2985 qui
734 2892 907 2982 pecuniam
949 2890 1083 2985 aooipit,
1122 2914 1164 2958 ne
1201 2888 1293 2959 elteri

230 2988 463 3084 impedimento
505 2989 547 3058 sit
583 2986 650 3083 (ἢ)
692 2981 758 3055 Sed
787 2988 942 3083 quoniam
970 2983 1023 3057 hio
1060 2986 1156 3054 etism
1193 2986 1294 3055 latere

229 3088 359 3159 simonie
396 3100 527 3185 potest,
571 3108 679 3183 neque
713 3107 772 3154 nos
810 3088 846 3155 in
881 3082 978 3155 rebus
1021 3086 1137 3153 nostris
1169 3082 1295 3182 judices

230 3211 291 3257 esse
326 3186 443 3275 decet,
487 3203 574 3258 reete
615 3209 634 3253 a
670 3179 706 3251 S.
742 3181 859 3255 Carolo
906 3180 1092 3253 Borromreo
1136 3181 1294 3251 sancitum

229 3301 292 3374 est,
322 3302 362 3355 ut
411 3286 535 3355 nemini
569 3282 683 3370 liceat,
722 3280 765 3351 ad
805 3279 1029 3352 redimendam
1071 3280 1291 3369 vexationem,

229 3409 270 3454 ne
290 3388 333 3455 in
357 3384 501 3454 roribus
517 3382 755 3477 quademjuro
771 3382 958 3477 pemissio
979 3382 1172 3477 pontonium
1194 3376 1294 3465 dore,

230 3484 465 3579 quodquamoo
491 3484 630 3577 pnoioos'
669 3486 736 3547 aot
769 3480 983 3573 tromipore,
1027 3480 1103 3547 nisi
1148 3482 1298 3574 epmoopi

230 3605 414 3653 roruonauo
437 3582 616 3650 acrorem
640 3574 706 3672 (5).

268 3754 308 3835 (i)
324 3759 401 3836 Cup.
418 3753 458 3813 23
472 3748 507 3813 oe
520 3749 668 3812 simonia.

269 3838 309 3917 (b)
325 3841 404 3918 Cap.
421 3837 460 3895 28
479 3831 541 3894 eod.
561 3832 661 3911 ibique
675 3832 784 3895 Glossa.
805 3832 880 3893 Vide
893 3834 924 3894 S.
943 3830 1085 3893 Thomam
1106 3832 1138 3889 2.
1160 3832 1222 3911 oq.
1238 3831 1297 3889 400

231 3927 286 3977 ort.
310 3916 386 3979 tad
406 3918 436 3977 t.
458 3920 569 3978 Verum
587 3915 611 3976 si
634 3923 736 3996 agatur
756 3914 794 3975 de
808 3913 967 3974 obtinenda
981 3914 1091 3995 gratia,
1116 3910 1160 3971 vei
1184 3909 1296 3987 justitia

231 4000 305 4076 apud
329 3999 432 4061 sedem
447 3997 638 4077 Apostolioam
656 3997 744 4058 etiam
758 4014 846 4076 super
863 3996 931 4075 jure
948 3996 1085 4074 quesita,
1109 3994 1170 4051 sire
1196 3989 1297 4067 petitio

231 4082 266 4140 sit
283 4082 320 4143 de
341 4102 376 4144 re
390 4080 549 4159 spirituaii,
574 4081 635 4141 sire
660 4080 697 4139 do
717 4078 869 4156 ternpornii
892 4085 921 4137 et
947 4078 1052 4150 mixta,
1080 4092 1114 4134 ex
1142 4070 1297 4132 coortat

233 4164 293 4244 ipto
307 4168 347 4227 59
364 4163 499 4243 Gregorii
513 4165 581 4227 Xlli
600 4162 634 4224 in
648 4158 723 4224 butt.
744 4162 871 4221 noman.
888 4166 959 4219 tom.
982 4161 1082 4241 ὁρῆν.
1100 4156 1203 4236 5pa9.
1220 4153 1294 4230 295,
