3575 5625
906 589 1129 662 ..δῃ-

479 746 635 815 nimirum
671 744 845 812 statimne
878 739 993 837 aliquis
1023 740 1147 810 crimen
1187 735 1317 808 admisit
1353 752 1387 808 et
1424 740 1562 808 anonis

477 841 608 912 decreta
646 839 787 912 violarit.
822 838 872 908 Ex
903 835 1052 909 formulis
1088 859 1163 932 quae
1200 838 1235 906 in
1266 833 1407 906 ecclesie
1432 833 1562 928 legibus

479 952 699 1034 usurpantur,
748 935 841 1006 facile
887 934 1102 1030 intelligitur,
1148 958 1225 1030 quae
1271 930 1437 1021 ferendae,
1485 954 1562 1027 quse

478 1035 553 1108 latae
584 1036 755 1105 sententie
783 1033 1076 1104 excommunicatio
1100 1033 1153 1101 sit.
1189 1029 1248 1102 llla
1280 1033 1367 1100 enim
1402 1043 1563 1124 concepta

479 1148 530 1204 est
559 1131 682 1221 verbis,
713 1154 788 1228 quae
814 1155 949 1227 poenam
978 1127 1190 1224 infligendam
1221 1126 1420 1216 ostendunt,
1452 1125 1563 1224 qualia

480 1245 558 1300 sunt
582 1233 923 1315 excommunicatur,
946 1239 1146 1397 raptemur
1166 1225 1215 1296 vel
1235 1231 1476 1323 praecipiam
1495 1225 1564 1295 sub

476 1353 587 1424 poertc
613 1330 1014 1414 excommunicantem
1098 1349 1116 1394 c
1145 1335 1253 1394 autem
1287 1324 1355 1418 ipsa
1383 1319 1563 1394 verborum

481 1423 623 1496 formula
659 1424 819 1520 significat
849 1447 983 1519 poenam
1018 1421 1085 1493 solo
1112 1423 1197 1518 juris
1228 1421 1407 1490 ministerio
1437 1420 1565 1490 consti·

481 1538 601 1611 tutam,
634 1525 682 1592 uti
706 1536 784 1592 sunt
808 1521 906 1594 rerba
932 1523 1258 1594 ecccmmum'cctus
1288 1521 1337 1590 ait
1354 1523 1430 1616 ipro
1447 1524 1540 1614 jaare
1549 1567 1563 1602 ,

481 1621 534 1692 cat
559 1621 656 1714 facto
679 1622 1077 1692 accommatasa'cctionam
1102 1621 1283 1688 incurrat.
1312 1613 1467 1687 Formula
1491 1613 1565 1684 haec

483 1719 844 1806 excommunationis,
895 1741 996 1812 quam
1036 1715 1145 1784 atatim
1191 1717 1260 1810 ipsa
1304 1711 1435 1785 nolano
1484 1711 1566 1804 legis

483 1813 622 1910 infligit,
657 1839 729 1887 non
771 1815 960 1885 recentioris
1004 1811 1201 1908 discipline,
1237 1825 1276 1881 ut
1317 1809 1452 1909 quidam
1495 1835 1565 1908 pu-

485 1928 578 2002 tant,
611 1911 668 1983 sed
691 1913 914 2008 antiquissima
942 1913 978 1982 in
1002 1909 1135 1982 ecclesia
1155 1924 1204 1979 est
1236 1907 1302 2006 (l).

528 2118 572 2199 (t)
593 2119 786 2182 Godescalcns
809 2118 1014 2182 licaemondus
1043 2119 1231 2182 Lovauieuais
1255 2117 1409 2199 theologus
1434 2115 1562 2199 masas.

490 2201 618 2282 capit)
634 2201 764 2262 emedio
789 2201 854 2262 tolli
875 2201 964 2263 vellet
978 2200 1293 2262 excommunicationes
1309 2199 1562 2278 latessseutentiae,

487 2291 517 2342 ct
530 2300 578 2342 eas
589 2290 691 2342 contra
706 2291 883 2360 perpetuum
906 2300 992 2344 usum
1008 2284 1097 2344 totius
1116 2282 1245 2344 ecclesie
1262 2281 1439 2360 perniciosas
1459 2280 1564 2341 audar-

488 2372 534 2423 ter
549 2362 706 2440 praedicat,
722 2381 811 2440 quern
833 2363 901 2424 novi
913 2363 1035 2442 quidam
1057 2383 1073 2424 e
1095 2363 1182 2426 turba
1197 2363 1457 2443 llltrajeetiuorum
1478 2365 1563 2437 Ques

488 2442 558 2506 uelli
583 2444 757 2504 asseclarum
779 2453 955 2522 sequuntur.
976 2448 1065 2506 Suam
1080 2463 1151 2508 vero
1165 2446 1340 2508 sententiam
1353 2445 1433 2505 tueri
1444 2452 1564 2504 conatur

488 2525 673 2604 potissimum
697 2525 871 2585 auctoritate
897 2527 1051 2603 Geracuis,
1077 2528 1128 2605 qui
1153 2527 1311 2588 tamenin
1337 2534 1424 2587 tract.
1450 2524 1488 2587 de
1504 2525 1563 2585 citu

487 2603 640 2688 spiritual.
664 2607 759 2666 caim.
777 2604 841 2668 lect.
863 2601 964 2668 leoli.
985 2611 1024 2668 ll
1039 2626 1107 2690 opp.
1128 2617 1199 2670 tom.
1225 2611 1329 2691 ὅμως.
1349 2609 1389 2670 ts
1405 2603 1454 2670 ed.
1473 2609 1561 2667 Ante.

492 2689 572 2750 1706
597 2688 721 2748 minime
742 2687 799 2748 hac
821 2706 915 2769 genua
928 2691 1237 2752 excommunicationis
1257 2689 1421 2768 improbat,
1452 2697 1563 2748 mamm

489 2776 607 2844 monet,
618 2769 950 2833 excommunicationem
961 2771 1027 2833 lata
1041 2774 1194 2835 sententiaa
1210 2771 1268 2835 hoc
1279 2771 1410 2848 efficere,
1432 2796 1445 2823 u
1456 2769 1564 2833 Utabs·

490 2869 549 2929 que
565 2869 700 2930 processu
720 2851 778 2913 alic
790 2851 942 2930 judiciali,
963 2862 1015 2915 aut
1038 2872 1111 2915 nora
1132 2854 1342 2915 constitutione
1370 2854 1462 2933 possit
1475 2851 1563 2931 judex

490 2933 604 3011 statim,
629 2934 751 3013 probato
778 2934 870 3012 iacto,
894 2935 941 2995 vel
965 2936 1140 3011 conlessato,
1170 2935 1249 2996 lerre
1273 2935 1349 3014 juris
1373 2935 1561 2997 smteutiam.

491 3024 522 3075 et
532 3015 666 3077 eamdem
682 3016 847 3095 publicare:
863 3035 923 3079 non
939 3017 980 3077 sic
1001 3017 1052 3079 ubi
1066 3034 1192 3078 canones
1211 3026 1310 3079 essem
1329 3016 1425 3077 solum
1436 3014 1562 3077 ferendae
1647 3074 1648 3095 ,

491 3097 660 3175 sententie,
684 3098 823 3176 quoniam
849 3099 1025 3161 monitiones
1048 3106 1078 3161 ct
1100 3116 1250 3176 processus
1275 3098 1439 3160 secundum
1464 3096 1563 3159 tumi-

493 3196 546 3239 nos
564 3178 642 3257 juris
655 3180 941 3258 prscrequirereutur
959 3180 1177 3260 multiplices.»
1202 3180 1285 3257 Quod
1306 3180 1430 3259 quidem
1446 3188 1489 3241 est
1501 3196 1563 3240 ccu-

490 3268 663 3321 sentoneum
671 3261 748 3339 juria
761 3261 941 3339 discipline,
955 3281 1022 3339 quc
1034 3262 1160 3339 requirit
1174 3262 1367 3337 senteutiam,
1384 3282 1441 3340 qaia
1455 3261 1561 3323 crimen
1646 3258 1647 3305 l

493 3340 674 3415 declaretur;
693 3342 832 3418 quoniam
855 3343 886 3401 in
919 3342 984 3403 icro
1015 3352 1138 3403 externo
1160 3361 1246 3405 nemo
1269 3342 1562 3405 excommunicatione

493 3420 658 3497 implicatus
683 3421 786 3482 haberi
800 3429 912 3501 potest,
934 3423 991 3483 nisi
1015 3426 1145 3503 primum
1164 3432 1291 3501 constet,
1313 3443 1383 3487 eum
1397 3442 1459 3487 esse
1481 3440 1562 3484 reum
1645 3444 1646 3467 ³

493 3500 641 3574 criminis,
669 3502 715 3562 cui
747 3520 870 3563 censura
894 3502 959 3581 ipso
977 3502 1046 3582 jure
1070 3506 1207 3584 adjuncta
1232 3515 1288 3566 est.
1312 3506 1424 3569 Verum
1447 3508 1478 3567 in
1502 3507 1562 3567 loro

492 3582 610 3642 interno
623 3581 702 3642 nulla
723 3583 886 3661 requiritur
906 3584 1016 3663 judicis
1039 3586 1210 3663 declaratio,
1236 3587 1289 3648 sed
1313 3589 1365 3667 qui
1391 3588 1500 3649 crimen
1516 3604 1561 3663 pa·

493 3663 598 3739 travit,
614 3662 661 3723 cui
683 3664 837 3744 conjuncta
860 3685 984 3729 censura
1008 3675 1067 3745 est,
1090 3670 1190 3729 statim
1212 3686 1311 3729 curam
1325 3672 1404 3741 Dec,
1429 3669 1475 3729 cui
1497 3676 1562 3727 nota

494 3752 524 3804 et
539 3744 689 3823 perspicua
704 3754 773 3806 sunt
790 3748 905 3825 omnia,
928 3751 1194 3813 excommunicatus
1214 3749 1352 3825 efficitur.
1379 3754 1465 3813 Suam
1485 3750 1560 3811 eninr

495 3826 707 3887 contumaciam
737 3835 767 3889 et
784 3830 912 3891 ecclesiae
925 3839 1125 3911 contemptum
1142 3832 1212 3893 satis
1237 3839 1338 3912 aperte
1359 3830 1498 3903 declarat,
1512 3829 1559 3908 qui

496 3916 594 3987 peccat
617 3908 647 3969 in
662 3910 756 3989 legem
771 3953 780 3985 ,
796 3930 881 3989 aqua
899 3912 953 3973 scit
966 3914 1064 3989 illico,
1087 3922 1117 3973 et
1136 3914 1200 3995 ipso
1220 3910 1303 3995 [ceto
1321 3916 1489 3978 constitutas
1502 3928 1559 3971 esse

497 4008 633 4051 censuras
652 3990 792 4051 adversus
816 3992 898 4069 illos,
918 3994 969 4071 qui
998 3996 1025 4056 ei
1053 4012 1110 4058 non
1139 3996 1356 4073 obtemperant.
1383 4000 1425 4057 lta
1446 4012 1512 4055 vere
1533 4000 1559 4051 et

496 4072 590 4133 solide
610 4081 833 4153 argumentatur
847 4075 1002 4137 Suarezius
1022 4073 1059 4135 de
1079 4094 1198 4137 senaar.
1221 4074 1251 4136 d.
1272 4078 1290 4138 5
1308 4085 1379 4139 sect.
1397 4080 1512 4137 tinam.
1526 4076 1557 4147 t,

498 4162 528 4215 et
551 4156 738 4218 Gouaaleaius
760 4155 792 4215 ia
806 4174 873 4237 cap.
887 4158 928 4217 48
951 4154 985 4218 de
1002 4166 1126 4219 arcent.
1150 4176 1261 4220 ccccm.
1282 4177 1368 4220 nom.
1384 4162 1420 4239 6,
1435 4156 1559 4219 omnium
