3575 5625
870 642 1094 712 -eet-

345 856 346 859 ,
439 797 609 856 innocentes
636 791 771 853 homines
807 790 895 851 variis
931 790 1184 868 afflictationibus,
1220 790 1327 868 minis,
1359 792 1523 870 violentia,

440 876 605 937 terroribus
616 875 754 955 frangere
768 881 856 951 atque
868 890 987 933 vexare.
1001 897 1014 926 ιι

489 1030 518 1132 §.
555 1032 628 1103 vll.
663 1031 735 1101 lam
763 1055 839 1102 vero
872 1028 1016 1101 civilium
1050 1046 1085 1100 et
1123 1027 1411 1101 ecclesiasticorum
1446 1054 1526 1125 pne-

441 1156 558 1201 nerum
595 1156 664 1202 non
697 1128 786 1199 idem
821 1127 919 1224 plane
955 1128 1055 1215 finis,
1087 1153 1196 1223 neque
1233 1126 1348 1199 eadem
1388 1150 1524 1224 prorsus

442 1231 523 1299 ratio
556 1244 617 1297 est.
655 1224 814 1315 Ecclesia,
849 1252 949 1322 quam
984 1224 1122 1296 charites
1160 1242 1309 1313 exercet,
1341 1224 1409 1295 duo
1450 1240 1525 1294 tan-

441 1342 513 1394 tnm
549 1324 649 1395 babet
689 1326 874 1420 proposita,
912 1324 1078 1418 primum,
1132 1338 1171 1392 ut
1209 1339 1360 1419 peccator
1410 1321 1524 1393 redeat

442 1423 483 1492 ad
512 1423 632 1493 bonam
663 1421 815 1515 frugem,
844 1420 1005 1507 alterum,
1036 1436 1075 1489 ut
1105 1422 1203 1492 ceteri
1236 1419 1387 1515 exemplo
1413 1444 1524 1516 poenae

442 1547 460 1591 a
492 1523 628 1591 crimine
666 1518 892 1589 deterreantur
929 1518 1003 1614 (l);
1049 1516 1148 1587 civilis
1184 1532 1325 1614 potestas
1366 1520 1403 1585 in
1441 1519 1525 1587 irro-

443 1615 558 1712 gandis
597 1618 703 1714 poenis
738 1614 805 1686 laesi
842 1639 975 1711 quoque
1015 1614 1209 1712 dignitatem
1251 1630 1363 1685 tuetur
1392 1632 1426 1685 et
1459 1639 1526 1710 pu·

443 1715 560 1785 blicam
617 1712 775 1785 ultionem
834 1715 1052 1879 persepuitur.
1109 1712 1402 1784 Ecclesiasticarum
1451 1736 1526 1807 poe-

443 1836 560 1883 narum
599 1836 746 1882 summus
788 1828 835 1882 est
870 1838 927 1906 gra
952 1837 989 1880 us
1024 1836 1099 1900 eos,
1142 1812 1200 1906 qui
1235 1813 1419 1904 gravissime
1447 1834 1527 1905 pec-

444 1924 582 1997 carunt,
624 1936 642 1979 c
682 1907 849 2006 republica
895 1908 1076 2004 expellere,
1124 1908 1225 1978 civilis
1270 1922 1411 2001 potestas
1447 1931 1526 2001 pro·

442 2007 589 2102 greditur
617 2007 713 2077 etiam
742 2006 783 2074 ad
810 2031 940 2102 poenes,
970 2032 1030 2103 per
1058 2031 1139 2102 quas
1163 2008 1293 2101 sanguis
1323 1998 1518 2091 effunditur,

446 2121 504 2174 aut
525 2120 635 2175 sontes
661 2119 768 2174 morte
796 2102 1010 2174 mulctantur.

487 2274 529 2354 (i)
544 2274 686 2335 Praeclare
711 2276 891 2416 Augustinus
915 2294 962 2355 cp.
987 2276 1047 2335 tat
1069 2272 1110 2335 ad
1130 2273 1271 2356 Bonisoe.
1292 2294 1326 2334 a.
1349 2275 1448 2355 lopp.
1466 2278 1525 2335 Η

446 2354 500 2417 col.
514 2357 576 2416 655
593 2354 643 2415 od.
667 2360 747 2415 Bene
773 2400 779 2415 .
799 2355 849 2415 cit.
873 2384 885 2409 ιι
901 2358 1002 2429 Multi,
1020 2358 1133 2435 inquit,
1155 2376 1208 2435 per
1222 2357 1285 2417 illas
1299 2356 1421 2415 correcti
1435 2366 1524 2430 sunt,

446 2445 476 2497 et
498 2437 631 2515 quotidie
653 2437 857 2518 corriguntur,
882 2446 912 2497 et
934 2456 966 2497 se
987 2456 1051 2499 esse
1072 2447 1234 2515 correctos,
1257 2446 1345 2515 atque
1361 2437 1399 2497 ab
1412 2437 1461 2496 illa
1475 2439 1527 2498 tu·

446 2519 522 2578 riosa
543 2518 671 2597 pernicie
687 2517 826 2580 liberatos
844 2517 952 2599 gratias
973 2527 1075 2600 agunt.
1094 2524 1130 2581 Et
1145 2522 1195 2596 qui
1213 2519 1352 2594 oderent,
1375 2519 1525 2599 diligunt,

447 2601 641 2679 molestasque
660 2600 716 2662 sibi
740 2600 829 2660 inisse
850 2600 1056 2661 saluberrimas
1074 2602 1168 2681 leges,
1192 2610 1336 2679 quantum
1361 2600 1394 2661 in
1411 2600 1528 2662 insania

446 2682 685 2755 detestabantur,
709 2688 825 2741 tantum
845 2690 962 2762 recepta
981 2684 1104 2742 sanitate
1125 2683 1326 2763 gratulantur3
1355 2689 1386 2741 et
1402 2682 1434 2742 in
1450 2683 1528 2742 resi·

448 2764 538 2839 duos,
562 2782 628 2826 cnm
660 2763 767 2841 quibus
789 2764 906 2826 lucrant
925 2764 1067 2844 perituri,
1091 2764 1153 2843 jam
1175 2765 1263 2826 simili
1287 2764 1444 2826 dilectione
1470 2783 1528 2825 no-

447 2846 577 2922 biscum,
593 2855 625 2906 ut
646 2846 757 2924 pariter
768 2845 911 2908 instemus
924 2864 962 2906 ne
975 2847 1019 2906 illi
1035 2855 1174 2924 pereant,
1187 2849 1363 2908 excitantur.
1377 2873 1390 2900 ι
1410 2845 1529 2910 Deinde

446 2928 548 2988 multis
570 2927 714 3002 ostendit,
743 2927 815 2988 utile
839 2946 960 3006 prorsus
980 2947 1043 2988 esse
1063 2927 1198 2990 homines
1216 2947 1371 3024 poenarum
1387 2938 1468 2990 metu
1486 2927 1528 2988 ad

448 3011 602 3070 veritatem
626 3008 750 3085 ducere,
770 3017 800 3069 et
813 3009 895 3087 quasi
910 3009 1102 3088 compellere:
1126 3036 1139 3063 ιι
1149 3010 1249 3071 tentos
1263 3011 1360 3085 enim,
1382 3012 1422 3071 eit
1435 3053 1444 3084 ,
1459 3028 1528 3088 pro·

447 3091 503 3150 luit
528 3093 610 3169 prius
636 3091 759 3164 timore,
789 3091 833 3151 vel
858 3090 960 3151 dolore
983 3091 1063 3170 cogi,
1089 3099 1123 3151 ut
1145 3100 1246 3168 postea
1269 3099 1389 3170 possent
1407 3091 1525 3166 doceri,

447 3181 497 3230 eut
509 3174 587 3250 quod
597 3173 657 3250 jam
672 3171 770 3232 vorbis
789 3172 970 3245 didicerant,
995 3190 1084 3250 opere
1104 3173 1224 3253 sectari.
1243 3199 1256 3226 ιι
1277 3173 1413 3252 Denique
1436 3171 1527 3233 babet

449 3252 526 3313 haec:
557 3279 570 3307 ιι
583 3257 747 3332 Antequam
773 3253 873 3314 dicant
898 3253 967 3313 boni
995 3253 1067 3312 filii:
1089 3254 1352 3332 concupiscentiam
1384 3254 1528 3315 habemus

450 3333 585 3404 dissolvi,
614 3344 645 3394 et
674 3351 736 3393 esse
762 3351 829 3394 cum
861 3334 996 3409 Christo;
1030 3336 1116 3394 multi
1146 3335 1244 3414 priua,
1273 3345 1423 3413 tamquam
1455 3335 1526 3396 mali

448 3415 541 3482 servi,
568 3423 597 3472 et
624 3413 839 3490 quodammodo
867 3415 996 3494 improbi
1026 3417 1157 3496 fugitivi,
1186 3417 1223 3476 ad
1252 3418 1412 3478 Dominum
1437 3435 1527 3478 suum

449 3495 655 3571 temporalium
671 3495 853 3574 flagellorum
871 3497 995 3556 verbere
1005 3507 1189 3558 revocantur.
1203 3524 1216 3550 ιι
1245 3497 1290 3559 ld
1304 3499 1367 3559 haec
1379 3509 1528 3578 postrema

450 3576 605 3654 Augustini
620 3576 708 3636 verba
733 3573 890 3655 diligenter
914 3577 1069 3639 advertant
1083 3580 1188 3655 velim,
1203 3581 1255 3658 qui
1276 3582 1425 3642 ecclesiam
1448 3590 1528 3641 tenr-

450 3655 563 3733 porales
576 3657 584 3714 i
589 3655 730 3736 nfligendj
744 3674 843 3735 poenas
857 3667 1030 3737 potestatem
1046 3661 1156 3722 habere
1168 3659 1347 3722 inficiantur.

497 3801 527 3902 §.
555 3801 645 3872 Vlll.
682 3804 724 3873 Et
759 3807 914 3899 qnoniam
953 3806 1104 3880 Ecclesiae
1134 3824 1274 3905 potestas
1302 3807 1424 3904 duplex
1454 3825 1525 3898 est,

449 3900 549 3971 altera
582 3915 649 3970 tota
689 3901 861 3996 spiritualis
890 3928 909 3971 e
944 3901 1074 3976 Christo
1108 3909 1280 4003 separatim
1317 3904 1413 3994 data,
1449 3931 1527 4001 quae

450 4016 519 4070 tum
564 4000 599 4067 in
634 4001 799 4086 interiori,
840 4015 912 4069 tum
957 4003 992 4070 in
1033 4006 1183 4074 exteriori
1225 4003 1295 4073 soro
1333 4019 1526 4091 exercetur,

449 4097 569 4184 altera,
611 4123 708 4193 qnam
747 4097 813 4192 ipsa
846 4097 945 4168 habet
984 4124 1194 4170 communem
1229 4126 1305 4170 cum
1335 4103 1426 4171 omni
1453 4125 1528 4196 per·

448 4195 529 4264 secta
568 4221 604 4265 ac
646 4193 795 4265 distincta
832 4195 999 4292 republica
1037 4214 1070 4266 ct
1105 4223 1180 4293 quae
1219 4198 1405 4294 temporalis
1449 4197 1528 4267 dici-
