3575 5625
683 600 904 671 -265-

251 752 374 823 mutuis
406 744 583 819 ioederihus
616 772 707 821 nexas
734 764 768 819 et
792 750 917 847 jugntae
945 766 1042 840 sunt,
1076 754 1195 823 exortis
1232 751 1328 825 dissi-

251 849 313 919 diis
350 847 588 935 dissociantur,
629 872 738 944 neque
768 846 908 943 amplius
945 874 1044 918 unam
1087 851 1243 921 ma'orem
1279 877 1330 921 ec·

251 946 379 1029 clesiam
411 942 612 1035 conficiunt,
651 944 708 1015 sad
747 958 798 1017 tot
836 946 980 1016 existunt
1012 948 1136 1041 particu
1150 973 1218 1018 ares
1259 974 1329 1019 ooe-

158 1116 167 1131 ,
251 1058 324 1132 tus,
372 1057 453 1140 quot
494 1057 571 1111 sunt
605 1040 746 1113 ccclesiae
782 1045 870 1114 inter
907 1067 941 1113 se
974 1040 1176 1113 dissidentes.
1221 1046 1330 1141 litque

251 1137 316 1213 hoc
350 1138 485 1237 quidem
516 1136 652 1210 schisma
683 1140 878 1236 particulare
908 1154 978 1229 est,
1010 1164 1086 1209 curn
1118 1142 1329 1236 particulares

251 1238 395 1311 ecclesias
432 1240 518 1309 inter
551 1262 586 1309 se
618 1252 747 1308 tantum
780 1236 958 1308 dissociata.
985 1254 1087 1327 sunt,
1132 1237 1189 1308 sed
1223 1254 1332 1310 tamen

252 1362 331 1407 cnm
366 1334 537 1405 universali
577 1333 706 1406 ecclesia
747 1336 1013 1406 communionem
1063 1360 1101 1405 ac
1144 1336 1330 1407 societatem

251 1436 411 1503 retinent.
446 1431 530 1503 Nam
554 1429 732 1503 universale
762 1432 899 1503 schisma
923 1446 996 1518 est,
1024 1458 1100 1503 cum
1132 1431 1240 1527 aliqua
1272 1460 1330 1505 ec-

253 1530 351 1601 clesia
383 1530 431 1600 rel
462 1528 564 1626 aliqui
600 1527 765 1599 christiani
811 1555 828 1600 a
861 1527 1038 1601 Catholicae
1073 1528 1214 1601 ecelesiae
1252 1534 1331 1601 uni·

256 1630 405 1698 versitate
432 1626 619 1699 discedunt.

304 1769 336 1871 ς.
365 1769 423 1843 lv.
453 1758 675 1863 Schismaiiei,
712 1774 769 1870 qui
799 1772 841 1843 ab
885 1771 1057 1853 universali
1091 1772 1223 1843 eeclesia
1264 1773 1334 1843 dis-

254 1872 430 1943 cessionem
464 1869 606 1959 faciant,
648 1870 762 1941 iisdem
806 1894 911 1967 prope
945 1872 1070 1965 peanis,
1111 1870 1230 1966 quihus
1263 1870 1333 1942 hae-

256 1970 366 2056 retici,
390 1967 590 2039 alliciuntur.
624 1964 833 2065 Quamquam
865 1968 955 2037 enim
987 1966 1124 2039 schisma
1153 1970 1226 2039 sine
1264 1968 1336 2039 hae-

255 2066 318 2135 resi
360 2090 427 2135 esse
466 2067 586 2163 possit,
631 2080 742 2137 tamen
777 2090 848 2135 eam
885 2065 1086 2161 plerumque
1122 2067 1332 2163 conjunctam

255 2162 375 2251 habet,
403 2178 460 2233 aut
496 2165 531 2232 in
551 2161 700 2232 eamdem
730 2166 886 2259 erumpit.
918 2162 965 2232 At
997 2164 1054 2258 qui
1089 2189 1108 2231 a
1139 2188 1195 2232 sua
1227 2162 1333 2235 eccle-

255 2262 302 2329 sia
343 2274 377 2330 et
421 2285 440 2329 a
475 2284 533 2332 suo
573 2258 723 2357 episcopo
765 2260 885 2357 injuste
923 2274 1135 2357 separantur,
1167 2262 1193 2330 si
1216 2258 1333 2342 ‘elerici

254 2359 343 2447 sint,
372 2354 602 2454 deponuntur,
640 2358 667 2427 si
699 2356 791 2446 laici,
826 2372 916 2429 extra
954 2355 1117 2428 ecclesiam
1152 2358 1335 2457 projiciun-

253 2470 314 2525 tur
347 2452 414 2549 (1).
450 2453 549 2540 Quod
579 2456 605 2523 si
643 2455 813 2551 episcopus
852 2458 886 2527 in
918 2456 1040 2553 pietate
1069 2472 1202 2553 peccet,
1235 2472 1334 2553 atque

253 2551 408 2639 haesis,
426 2554 620 2650 apostasiae,
648 2550 828 2622 schismatis
850 2578 925 2625 reus
949 2556 1011 2643 sit,
1044 2569 1133 2625 recte
1165 2579 1199 2625 se
1230 2553 1334 2624 chris-

254 2650 342 2718 tiani
366 2673 385 2717 a
410 2666 576 2746 peccatore
600 2652 775 2747 preposito
803 2651 999 2750 separabunt
1020 2650 1087 2748 (2).

301 2806 344 2889 (i)
365 2811 463 2872 Ganos
484 2808 682 2888 apostolorum
704 2810 743 2872 55
769 2808 847 2888 apud
867 2810 1045 2874 coteleriurn
1074 2813 1141 2872 PP.
1170 2805 1333 2892 Apostolic.
1406 2856 1409 2861 <

256 2901 332 2953 tom.
359 2893 464 2972 lpop.
480 2893 541 2952 tto
563 2889 632 2952 edit.
654 2889 706 2952 cit.
722 2891 850 2953 Clericus
873 2893 1039 2954 schismatis
1058 2911 1128 2954 rcus
1141 2894 1230 2978 ctiam
1251 2910 1336 2971 prena

253 2971 568 3036 excommunicationis
579 2971 716 3051 plectitur
730 2973 761 3032 in
776 2992 844 3035 con.
862 2976 903 3034 ts
917 2993 1001 3036 caus.
1019 2975 1058 3035 ut
1072 2981 1177 3057 quest.
1195 2975 1224 3033 5.

290 3053 345 3135 (2)
372 3078 386 3108 a
401 3053 503 3128 Plebs,
519 3055 614 3132 inquit
629 3054 794 3133 Cyprianus
814 3054 901 3136 epist.
920 3058 961 3118 oo
977 3051 1020 3116 ol.
1041 3057 1081 3116 68
1092 3072 1165 3136 paq.
1183 3054 1243 3113 288
1266 3049 1336 3113 edit.

256 3132 384 3197 Amstcl.
402 3137 482 3196 1700
488 3179 498 3210 ‚
521 3135 683 3214 obsequens
700 3135 826 3215 prelatis
845 3137 1008 3197 Dominicis
1029 3143 1059 3196 et
1072 3141 1168 3198 Deum
1187 3141 1337 3206 metuens,

255 3239 274 3277 a
293 3225 445 3359 prpcpstorc
459 3218 614 3358 pri-ioposito
634 3233 769 3295 separare
786 3235 818 3279 sc
838 3217 944 3296 debet,
966 3233 1021 3277 uec
1041 3234 1072 3277 se
1092 3217 1130 3276 ad
1149 3213 1280 3294 sacrilegi
1297 3231 1339 3274 sa·

256 3318 295 3360 ce
334 3315 392 3359 ors
406 3317 478 3360 saerr
502 3316 544 3360 cra
556 3315 689 3359 mrseerc.
707 3323 720 3352 s
