3575 5625
1276 654 1320 701 Vll

289 779 385 862 igitur
398 775 790 859 antedictaeeongregaticnis
799 777 1010 839 venerabilium
1022 777 1322 840 lratrumnostrorum

246 870 354 922 sancta
364 865 502 922 Romanae
513 862 640 922 ecclesiae
654 860 846 921 cardinalium
858 861 1004 921 sententia
1016 861 1147 940 cognite,
1161 868 1226 940 post
1238 858 1325 920 scdu-

245 943 305 1005 tam
314 943 587 1015 considerationem,
598 942 755 1022 propositus
763 942 961 1014 conventioni,
972 960 1029 1020 qua
1040 943 1153 1002 ratione
1161 942 1322 1020 potuimus,

247 1024 385 1085 duximus
401 1024 606 1095 annuendum,
626 1032 715 1101 atquc
732 1024 917 1103 apostolicam
932 1030 1104 1103 potestatem
1123 1023 1160 1082 ad
1176 1041 1209 1083 es
1223 1022 1322 1084 omnia

246 1108 380 1185 prolerre
389 1125 455 1185 quae
469 1105 708 1167 extraordinarias
723 1113 888 1185 temporum
902 1106 1029 1167 rationes
1043 1110 1131 1183 atque
1144 1102 1254 1167 bonum
1269 1124 1323 1185 pa-

246 1189 288 1249 cis
299 1198 328 1248 et
339 1190 460 1249 unitatis
477 1187 609 1248 Ecclesiae
623 1186 736 1247 enohis
746 1189 978 1266 postulaverunt.

287 1270 441 1345 Quinimo,
456 1268 528 1330 adeo
543 1268 655 1347 ingenti
670 1270 831 1330 exarsimus
850 1268 996 1330 desiderio
1014 1266 1114 1331 Galliae
1128 1265 1165 1328 ad
1178 1268 1323 1329 unitatem

245 1352 360 1412 Sancte
378 1351 460 1413 Sedis
477 1349 602 1411 feliciter
615 1351 801 1425 revocandas,
821 1358 855 1411 ut
876 1368 944 1411 curn
962 1351 1082 1411 allatum
1098 1348 1134 1409 ad
1154 1352 1213 1412 Nos
1229 1355 1321 1423 esset,

246 1450 306 1493 non
324 1433 418 1493 nullas
436 1432 545 1493 iormas
561 1433 717 1512 proposita
739 1432 940 1494 conventionis
958 1450 1046 1511 quam
1066 1430 1103 1493 ad
1125 1429 1323 1493 venerabilem

245 1513 367 1575 fratrem
387 1513 644 1594 Archiepisocpum
666 1513 801 1576 Corinthi
822 1515 1005 1586 remisimus,
1029 1532 1062 1575 es
1081 1512 1324 1593 interpretatione

245 1597 383 1674 explicari
395 1604 427 1655 ut
441 1596 553 1676 gallicae
566 1595 746 1675 Reipublicae
756 1597 982 1658 circumstantiis
992 1615 1051 1658 non
1063 1603 1138 1674 aptae
1151 1592 1324 1655 riderentur

244 1685 334 1755 atquc
347 1686 489 1757 exoptatae
503 1676 605 1738 unioni
623 1694 738 1738 moram
752 1678 879 1756 aliquam
898 1687 1016 1758 possent
1033 1678 1158 1749 inferre,
1175 1676 1322 1737 molestis-

245 1759 321 1818 sime
329 1760 429 1820 animo
439 1768 539 1819 nostro
550 1758 581 1819 id
591 1758 732 1830 serentes,
744 1760 872 1820 Lutetiae
882 1760 1000 1821 mittere
1011 1759 1167 1821 statuimus
1181 1757 1321 1819 dilectum

245 1839 278 1900 in
290 1842 411 1902 Cunrsro
422 1839 518 1901 filium
532 1846 665 1901 nostrum
681 1841 836 1902 Herculem
849 1849 956 1902 sanctae
970 1839 1093 1922 llgathoe
1107 1838 1144 1901 ad
1157 1839 1320 1901 Suburram

245 1920 402 1983 diaconum
417 1920 592 1983 cardinalem
609 1920 742 1985 Consului
755 1931 844 2001 etque
857 1942 874 1983 a
889 1924 1007 1983 secretis
1021 1922 1113 1985 nostri
1128 1929 1234 1995 status,
1251 1920 1319 1999 qui,

245 2000 361 2083 (utpote
373 2024 451 2066 unus
461 2022 497 2064 ex
512 2022 615 2065 eorum
628 2021 766 2076 numero,
781 2023 856 2084 quos
871 2004 907 2065 ad
926 2003 1002 2065 hanc
1013 2022 1077 2065 rem
1089 2010 1278 2084 congregatos
1291 2004 1323 2063 in

244 2085 399 2148 consilium
416 2086 623 2159 adhibuimus,
642 2085 753 2164 quique
768 2086 852 2147 lateri
867 2096 966 2148 nostro
985 2086 1124 2149 continuo
1139 2086 1170 2146 in
1186 2103 1239 2145 suo
1257 2102 1322 2144 mu·

245 2184 318 2226 nere
330 2166 493 2242 adhaerens)
508 2167 619 2245 optime
635 2168 769 2227 omnium
783 2175 813 2227 et
828 2168 1026 2248 expositarum
1041 2186 1142 2229 rerum
1156 2166 1322 2246 intelligen-

244 2248 335 2320 tiam,
347 2257 376 2309 et
389 2268 473 2311 veros
484 2249 575 2309 animi
587 2248 679 2309 nostri
689 2265 790 2309 sensus
801 2256 917 2328 poterat
928 2250 1088 2329 explicare,
1104 2267 1167 2311 earn
1179 2248 1267 2309 etiam
1279 2247 1322 2307 illi

244 2328 412 2391 facultatem
426 2331 642 2411 impertientes,
658 2330 711 2391 ubi
725 2331 879 2391 necessitas
898 2332 1073 2411 postularet,
1091 2329 1122 2392 in
1137 2338 1221 2391 antea
1236 2327 1323 2391 dictis

243 2410 348 2472 formis
364 2432 412 2473 cas
428 2414 603 2475 mutationes
621 2411 776 2491 inducere,
792 2431 857 2491 quoe
876 2412 1098 2476 definitarume
1116 2413 1201 2474 nobis
1219 2429 1322 2472 rerum

244 2492 440 2555 substantiam
467 2496 612 2574 integram
635 2495 810 2569 retinentes,
840 2494 958 2557 illarum
985 2494 1202 2568 executionem,
1231 2512 1321 2571 quarn

244 2574 428 2635 celerrimam
442 2574 614 2647 redderent,
631 2584 661 2635 et
676 2576 836 2638 faciliorem
849 2577 928 2638 viam
943 2582 1107 2639 sternerent
1121 2576 1319 2639 conventioni.

284 2657 357 2729 Quae
366 2674 433 2714 eum
445 2672 461 2712 a
471 2656 563 2716 Nobis
573 2656 725 2716 commisso
735 2656 874 2730 feliciter,
891 2662 953 2718 Deo
964 2658 1096 2731 favente,
1114 2658 1173 2719 sint
1187 2663 1320 2737 peracta,

242 2736 372 2815 indeque
382 2736 420 2797 ab
431 2752 481 2810 eo,
495 2754 554 2795 una
568 2752 635 2795 cum
651 2738 727 2797 Ven.
742 2738 844 2797 Fratre
861 2745 962 2798 nostro
978 2737 1202 2819 Archiepiscopo
1214 2738 1319 2800 Corin·

243 2819 306 2892 thi,
326 2837 359 2879 ac
372 2819 485 2880 Dilecta
502 2817 576 2880 Filio
595 2820 645 2878 Fr.
667 2817 769 2879 errato
788 2819 891 2879 Caecili
911 2819 1031 2882 Ordinis
1046 2825 1205 2884 Servorum
1219 2821 1320 2882 llario

244 2901 438 2962 Ex-Generoli
451 2918 488 2960 ex
501 2902 605 2962 Nostra
620 2908 720 2978 parte3
735 2905 764 2959 et
778 2899 898 2960 Dilectis
916 2900 947 2960 in
961 2903 1083 2961 Canrsrai
1097 2902 1178 2960 Filiis
1192 2901 1319 2981 Josepho

243 2985 423 3061 Bonapartc,
439 2989 468 3042 et
482 2981 671 3042 Emmanuele
684 2982 782 3042 Cretet
801 2979 980 3042 consiliariis
1004 2982 1121 3053 Status,
1137 2999 1250 3042 necnon
1266 2981 1321 3041 Di·

243 3063 320 3124 lecto
343 3064 373 3124 in
399 3068 521 3126 canrsro
552 3063 627 3124 Filio
658 3061 832 3140 Presbytero
866 3059 1015 3141 Stephano
1046 3061 1168 3124 Bernier
1191 3058 1322 3124 Parocho

245 3147 276 3205 S.
294 3145 383 3207 laudi
396 3145 629 3224 Andegnvensis,
652 3161 688 3205 er
708 3153 792 3223 parte
810 3143 949 3206 Gallicani
968 3143 1145 3224 Regiminis,
1161 3143 1322 3205 Consentio

243 3226 324 3288 inter
334 3245 403 3300 nos,
418 3229 573 3307 ipsumque
583 3225 741 3290 Galliarum
753 3225 896 3306 Regimen
907 3225 1027 3288 Parisiis
1036 3226 1151 3304 signata
1162 3225 1215 3297 sit,
1228 3223 1291 3285 hoec
1304 3243 1321 3285 a

244 3308 352 3379 Nobis,
379 3307 520 3370 adhibitis
543 3309 575 3369 in
598 3308 757 3372 Consilium
768 3310 847 3371 V-V.
871 3309 928 3370 FF.
953 3309 983 3369 S.
1000 3309 1036 3370 R.
1053 3309 1086 3368 E.
1103 3305 1320 3379 cardinalibus,

245 3397 427 3469 perscrutato
441 3389 599 3470 diligenter
617 3398 705 3468 atque
722 3389 849 3451 examini
865 3389 1015 3470 supposita
1035 3407 1102 3450 cum
1120 3390 1187 3450 talis
1205 3396 1322 3467 reperta

244 3472 299 3544 sit,
316 3479 351 3532 ut
365 3480 463 3533 nostra
482 3471 692 3551 approbatione
708 3471 876 3533 confirmari
895 3475 1004 3552 possit3
1021 3473 1081 3534 Nos
1099 3471 1177 3532 nulla
1195 3471 1321 3550 amplius

244 3571 327 3614 mora
341 3553 512 3633 interposita
527 3572 579 3632 per
591 3553 768 3631 Apostolicas
782 3551 837 3615 has
853 3553 978 3615 Litteras
995 3560 1064 3615 nota
1075 3553 1197 3614 issimus
1207 3571 1240 3614 ea
1254 3571 1321 3614 onr-

243 3634 309 3707 nia,
334 3653 401 3712 quse
424 3655 441 3695 a
468 3633 559 3696 Nobis
583 3635 757 3706 constituta,
786 3652 978 3714 concessaque
1006 3642 1075 3696 sunt
1100 3633 1138 3696 ad
1161 3635 1321 3716 Religionis

244 3715 372 3787 honum,
390 3716 515 3777 internae
535 3716 694 3778 Galliarum
713 3716 933 3793 tranquillitatis
954 3717 1202 3779 conservationem
1221 3735 1320 3779 conse·

244 3795 407 3874 quendam,
419 3805 507 3875 atque
517 3797 555 3858 od
568 3796 782 3876 properandum
793 3798 873 3859 illam
885 3799 998 3860 tamdiu
1011 3807 1139 3879 optatam
1153 3817 1269 3879 pacem,
1287 3817 1320 3858 cc

246 3879 411 3953 Unitatem,
424 3899 481 3957 qua
496 3879 620 3940 Ecclesia
638 3883 741 3942 Sancta
760 3879 793 3939 in
807 3880 933 3942 Domino
947 3881 1073 3960 gaudeat
1090 3889 1177 3960 atque
1190 3881 1316 3940 letetur.

284 3962 380 4038 litque
395 3961 442 4021 illa
465 3960 496 4021 in
517 3960 621 4039 primis
640 3981 657 4021 a
679 3960 825 4022 Gallicano
849 3963 1004 4042 Regimine
1023 3963 1160 4024 solemnis
1182 3961 1256 4020 iacta
1275 3966 1320 4020 est

244 4040 416 4111 declaratio,
444 4042 586 4102 nimirum
613 4061 819 4124 recognoscere
850 4061 896 4115 se,
931 4043 1113 4124 Religionem
1139 4041 1316 4102 catholicam

244 4123 438 4202 Apostolicam
453 4125 613 4186 Romanam
627 4142 691 4186 mm
705 4142 768 4186 esse
777 4122 975 4203 Religionem,
991 4143 1079 4204 mam
1089 4123 1177 4201 longe
1190 4127 1317 4182 maxima
1427 4163 1428 4168 η

244 4205 395 4269 Gallorum
417 4205 533 4269 divium
556 4223 624 4289 pars
654 4204 821 4288 profitetur.
852 4206 956 4285 Neque
981 4223 1053 4269 vcro
1077 4202 1158 4267 haud
1181 4203 1316 4267 dissimili
