3575 5625
526 1115 845 1210 WWBM
882 1121 1019 1210 BR·

662 1342 697 1404 lle
724 1343 893 1424 impensione.

703 1530 842 1540 -0—00-——2

134 1727 140 1738 .
234 1661 254 1710 Ι.
268 1660 400 1740 suspensio
417 1664 478 1732 quid
492 1675 517 1716 et
564 1667 680 1720 omodoa
695 1685 732 1720 re·
812 1671 852 1722 lv.
873 1670 979 1733 Quando
998 1680 1022 1722 et
1041 1671 1165 1740 quomodo
1184 1674 1313 1742 suspensio

302 1683 615 1795 ltqursoerrsurisdiiiirstl
877 1735 1025 1804 irroganda?

234 1791 266 1841 ll.
278 1791 418 1871 Quotuplep
429 1797 619 1863 suspensiossti
812 1802 831 1852 V
850 1811 875 1852 et
892 1802 933 1852 Vl.
950 1801 1077 1864 Quomodo
1093 1802 1222 1870 suspensio
1243 1803 1314 1856 tolla·

233 1855 278 1906 ΙΙΙ.
291 1858 423 1933 desponsio
434 1863 555 1930 generalis
571 1863 733 1931 etpsrtirlis,
880 1868 935 1917 turi

301 1935 358 1975 rtem
373 1938 491 1994 perpetuo
501 1944 531 1980 rc
542 1930 698 1997 temporarie.
810 1931 863 1982 vn.
876 1931 951 2008 Roene
973 1931 1054 1984 clerici
1075 1932 1188 1986 violantis
1210 1949 1312 2000 suspen-

877 2011 981 2050 sionem.

730 2133 761 2235 p.
791 2136 817 2207 r.

283 2279 506 2355 Susrrnsroms
558 2285 713 2357 vocabulo
768 2284 980 2382 intelligimus
1032 2285 1115 2358 illud
1168 2311 1316 2356 ccnsurae

233 2405 349 2476 genus,
379 2406 446 2478 quo
474 2381 597 2454 clericis
625 2382 866 2481 obproprium
900 2381 1055 2464 delictum
1090 2385 1314 2456 ecclesiasticae

233 2481 402 2574 potestatis
439 2496 473 2551 et
520 2479 755 2577 jurisdictionis
794 2509 854 2553 usu
895 2481 1114 2554 interdicitur.
1158 2482 1206 2552 Ex
1249 2507 1316 2577 quo

233 2580 379 2648 noscitur
425 2575 623 2667 discrimen,
667 2578 758 2674 quod
801 2582 889 2650 inter
928 2583 1172 2676 suspensionem
1220 2577 1316 2648 slies-

234 2697 303 2770 que
330 2699 480 2746 censums
510 2674 695 2746 intercedit.
729 2673 813 2745 Nem
848 2674 902 2747 lrae
933 2679 1103 2772 pertinent
1137 2675 1179 2746 sd
1202 2699 1316 2748 omnes

232 2768 372 2864 fideles,
420 2770 473 2843 ills
511 2788 620 2843 eutem
657 2786 787 2842 tuntum
827 2771 980 2845 adversus
1019 2771 1151 2845 clericos
1190 2775 1316 2846 consti-

233 2872 358 2959 tuitur,
390 2873 547 2966 quoniam
586 2895 702 2943 eorum
735 2884 862 2939 tontum
900 2886 948 2941 est
985 2873 1117 2968 propria
1148 2871 1316 2943 ccclesias-

233 2970 297 3039 tics
338 2985 481 3065 potestus
532 2982 567 3039 et
619 2964 810 3039 ‘urisdictio
863 2967 973 3039 Etiam
1023 2970 1315 3039 excommunicatio

232 3065 377 3162 aliquem
415 3068 522 3161 privet
557 3091 576 3137 e
625 3067 766 3137 esiestica
798 3080 979 3160 potestate,
1016 3088 1128 3143 rerum
1169 3061 1204 3133 id
1240 3062 1317 3135 lacit

232 3181 371 3261 propter
405 3166 672 3236 communionem
707 3188 782 3234 cum
817 3162 950 3259 reliquis
990 3160 1162 3248 fidelibus,
1199 3187 1217 3230 e
1250 3186 1315 3257 qus

231 3263 532 3334 excommunicatus
565 3260 757 3358 repellitur,
807 3276 841 3330 ot
887 3286 940 3330 sus
965 3261 1048 3332 ensis
1094 3255 1208 3328 adimit
1251 3282 1317 3354 po·

231 3374 406 3446 tesmtem,
440 3382 515 3455 quae
543 3383 619 3428 cum
649 3358 759 3431 officio
791 3374 826 3429 et
855 3286 1016 3431 beneicio
1045 3357 1218 3455 conjuncte
1251 3370 1312 3426 est.

231 3457 341 3531 Distat
371 3458 468 3529 etiem
504 3456 545 3526 ub
577 3455 751 3529 interdicto
791 3458 979 3553 suspensio,
1016 3453 1106 3555 quod
1133 3480 1193 3551 per
1232 3452 1314 3525 illud

230 3554 341 3627 clerici
382 3553 600 3650 prohibentur
643 3580 702 3624 usu
736 3580 847 3626 rerum
879 3579 1064 3643 sacrorum,
1097 3552 1153 3623 sed
1185 3578 1223 3625 eo
1260 3577 1316 3621 ra·
1387 3580 1391 3589 ·

231 3654 345 3740 tione,
383 3651 473 3747 quod
504 3652 557 3723 hoe
590 3650 744 3722 fidelibus
781 3652 937 3723 omnibus
980 3676 1171 3723 communes
1215 3664 1314 3732 sunt3

232 3765 270 3818 et
302 3773 377 3821 sero
415 3752 576 3847 suspensis
617 3774 728 3819 eorum
748 3802 752 3811 .
772 3775 832 3819 usu
865 3747 1093 3838 interdicitur,
1139 3747 1230 3846 quod
1274 3744 1315 3814 cb

233 3844 346 3919 ollicio
373 3863 429 3917 aut
454 3846 615 3919 beneficio
639 3845 840 3943 dependent.

282 4005 390 4176 lien·
424 4006 559 4103 Triplex
591 4010 760 4105 suspensio
799 4022 871 4097 est,
911 4008 1068 4077 nimirum
1102 4002 1143 4076 sb
1184 3998 1313 4090 officio,

233 4131 253 4174 a
335 4101 471 4194 nelicio,
512 4120 612 4202 atque
653 4103 694 4173 ab
728 4119 871 4201 utroque
905 4102 1016 4175 simul.
1059 4100 1234 4199 Suspensio
1274 4096 1315 4166 ub

233 4201 344 4275 officio
391 4201 545 4275 clericum
584 4226 732 4274 exercerc
770 4217 858 4272 vetat
909 4202 1061 4273 universo
1104 4194 1314 4269 ecclesiastica
