3575 5625
513 1134 833 1227 WWBM
862 1136 1032 1227 RN·

694 1361 731 1426 lic
751 1361 841 1444 Hegio.

694 1552 844 1564 ——ss

300 1692 319 1742 Ι.
332 1691 411 1762 idagia
422 1692 500 1761 quid?
772 1700 777 1747 Ι
812 1692 844 1745 ΙΙ.
858 1692 972 1745 Potnoein
983 1708 1075 1765 meges.

725 1832 756 1935 t.
786 1834 814 1905 1.

284 2006 490 2078 Dimmnom
515 2002 623 2078 affinia
650 2020 699 2081 est
724 2008 828 2102 magia
854 2006 1095 2103 superstitiosa,
1128 2027 1203 2101 quae
1234 2028 1309 2101 pro

236 2104 309 2199 prie
333 2127 351 2171 a
373 2104 418 2174 rei
438 2108 602 2176 canonicae
626 2104 837 2202 scriptoribus
860 2105 964 2198 magia
993 2118 1222 2199 noncupatur,
1248 2127 1309 2199 per

263 2225 337 2271 uam
359 2200 476 2273 scilicet
498 2228 562 2299 ope
586 2200 744 2275 daemonia
770 2228 887 2299 magna
915 2218 948 2275 et
977 2199 1136 2271 mirabilia
1163 2196 1236 2269 fieri
1260 2202 1310 2270 vi-

235 2227 357 2369 dentur
383 2299 457 2397 ti);
481 2326 584 2398 eaque
602 2302 647 2373 sic
669 2300 918 2397 distinguitura
941 2300 1046 2394 magia
1071 2295 1231 2387 naturali,
1250 2322 1310 2394 per

235 2420 334 2493 quam
368 2420 388 2467 a
424 2396 625 2497 philosophia
661 2425 721 2497 per
751 2424 861 2471 causas
901 2396 1065 2470 naturales
1100 2420 1189 2494 aoepe
1227 2398 1310 2468 mira

233 2508 417 2589 patrantur.
454 2494 520 2567 Sed
549 2499 698 2593 magiae
735 2497 934 2569 divinatione
961 2492 1093 2583 differt,
1131 2492 1222 2591 quod
1250 2519 1311 2589 per

233 2590 323 2661 iilam
356 2591 465 2683 fiunt,
493 2618 569 2692 quae
598 2594 756 2665 mirabilia
786 2608 964 2693 apparent,
998 2618 1059 2689 per
1089 2590 1174 2662 hanc
1199 2604 1310 2662 autem

236 2687 361 2761 occulta
384 2708 590 2788 quaeruntur.
622 2690 707 2787 Magi
740 2716 825 2788 saepe
851 2690 993 2785 verwfict'
1017 2704 1052 2760 et
1085 2687 1274 2781 maleficia

235 2786 994 2960 dieilelddlemddndldddiamflonaliidnddtldeniduidtddi
1022 2788 1310 2979 fdffdttigdidnddana

236 2986 324 3054 tinus
345 2983 415 3081 (ᾖ),
442 2998 541 3082 atque
563 2987 638 3082 ipsis
657 2989 753 3059 etiam
782 3011 872 3085 spem
893 3008 1024 3080 prorsus
1047 2982 1160 3052 adimit
1185 2983 1309 3067 venia,

237 3106 313 3177 quoe
335 3085 370 3153 in
391 3083 541 3179 paschate
565 3085 741 3156 criminum
769 3085 830 3156 reia
860 3079 1101 3154 concedebatur
1125 3079 1140 3175 (
1167 3077 1195 3173 ).

279 3253 321 3333 (t)
338 3255 445 3316 Confer
471 3256 682 3334 nemachium,
712 3258 763 3336 qui
788 3255 898 3340 oripic.
926 3263 956 3317 et
982 3251 1125 3335 antiquit.
1152 3245 1309 3310 chroatiam.

240 3332 290 3394 lib.
308 3339 408 3419 ὕπαρ.
429 3339 441 3398 t
464 3335 491 3417 S.
516 3339 535 3398 8
556 3346 626 3400 tom.
649 3341 758 3422 δρας.
778 3339 837 3399 tta
854 3344 882 3398 at
898 3355 960 3419 aeq.
985 3335 1099 3414 copiose
1121 3331 1229 3393 refellit
1245 3330 1311 3409 opi-

237 3417 355 3478 nionem
371 3437 489 3496 eorum,
505 3421 555 3498 qni
571 3438 670 3500 magos
684 3438 814 3498 unquam
827 3420 934 3480 vixisse
950 3416 1130 3479 inficientur.

282 3499 324 3580 (2)
338 3500 375 3559 L.
389 3501 407 3561 5
422 3509 448 3560 et
461 3503 479 3562 5
493 3499 557 3562 cod.
577 3499 686 3562 Theod.
702 3499 738 3562 de
751 3498 880 3584 malefic.

281 3581 323 3662 (5)
337 3581 372 3642 L.
387 3585 400 3643 t
413 3625 422 3658 ,
437 3584 470 3660 5,
486 3584 522 3659 t,
535 3585 568 3660 6,
583 3584 618 3658 7,
631 3584 651 3643 8
662 3580 725 3644 cod.
745 3579 855 3644 Theod.
871 3580 908 3643 da
922 3577 1041 3664 induto.
1054 3579 1174 3641 crimin.

289 3733 320 3832 §.
349 3733 391 3806 ll.
425 3736 576 3808 Ecclesiae
607 3736 733 3833 legibus
777 3738 863 3831 magi
901 3735 1038 3825 iisdem,
1073 3733 1193 3829 quibus
1220 3735 1314 3806 eorti-

241 3830 322 3928 iegi‚
363 3837 468 3930 poenis
507 3833 716 3924 afficiuntur,
756 3836 912 3906 nimirum
954 3834 1313 3917 excommunicatione,

242 3946 276 3999 et
316 3933 342 4002 si
381 3931 489 4003 clerici
515 3931 656 4022 suarium
706 3930 908 4028 depositione
947 3930 1014 4026 (1).
1052 3927 1119 4013 Qui
1151 3927 1313 4018 sortilegio

243 4043 299 4098 aut
337 4027 497 4100 maleficio
532 4053 591 4101 suo
630 4030 743 4101 aliene
780 4031 893 4100 mortis
923 4053 1016 4099 cansa
1051 4027 1134 4113 tuit,
1171 4021 1314 4093 saeculari

242 4127 342 4198 curie
373 4125 553 4198 tradendos
587 4141 653 4216 est,
685 4143 724 4198 nt
752 4127 875 4197 meritis
912 4125 1074 4222 plectatur
1098 4121 1225 4218 poenia3
1257 4120 1315 4214 qni

243 4221 403 4298 maleficio
436 4241 469 4299 et
507 4224 670 4321 sortilegio
700 4225 813 4298 mortio
852 4247 981 4294 causam
1025 4243 1092 4292 non
1133 4215 1244 4307 dedit,
1281 4217 1316 4285 in
