3575 5625
681 677 828 748 -455
857 720 906 734 -

295 827 425 908 Bigamin
438 825 511 904 quid
532 834 562 887 61
581 826 752 907 quotuplex.
766 831 796 904 1,
819 828 891 888 516.
913 828 1114 909 lrregularitas
1128 847 1162 889 ex
1184 830 1327 911 bigamia,

254 907 459 969 (61661517.
556 916 561 923 ’

294 988 493 1068 Blasphemis,
519 987 592 1067 quid
613 997 643 1050 et
664 989 836 1067 quotuplex.
858 993 906 1065 ll,
929 990 985 1050 561
1014 1008 1073 1072 aeq.
1094 993 1276 1071 Blaspbemia
1298 995 1328 1054 in

253 1072 397 1150 Spiritum
411 1075 442 1133 S.
455 1089 532 1148 quaa.
547 1072 606 1132 565
619 1089 680 1153 seq.
695 1070 784 1149 Cujus
791 1071 847 1131 iuri
855 1072 982 1152 cognitio
993 1070 1181 1149 blasphemiae
1193 1075 1241 1135 sit.
1255 1078 1326 1139 566.

293 1156 373 1214 Bona
388 1153 586 1213 eeclesiarum.
603 1156 643 1213 Ea
658 1152 821 1213 necessaria
839 1154 969 1214 societati
984 1154 1192 1215 ecclesiasticae.
1210 1158 1241 1232 l,
1255 1158 1326 1219 666.

294 1238 334 1295 Ea
349 1252 467 1312 semper
484 1233 613 1294 ecclesiae
625 1234 759 1294 luerunt.
777 1231 840 1294 ibid
858 1242 887 1294 et
902 1252 963 1317 aeq.
979 1236 1043 1311 Quo
1054 1237 1122 1312 jure
1135 1253 1251 1315 semper
1263 1238 1329 1299 iue-

252 1314 326 1374 rint.
349 1316 444 1377 6676
483 1360 491 1375 .
515 1319 625 1375 Eorum
638 1316 744 1376 divisio
771 1334 804 1375 ac
830 1314 1093 1376 distributiones
1120 1336 1180 1399 aeq.
1199 1318 1328 1379 Alienari

252 1404 416 1474 nequeunt.
439 1398 456 1457 7
481 1400 500 1458 5
523 1414 584 1479 seq.
605 1396 683 1473 Quid
699 1395 836 1457 alienatio
857 1396 1096 1477 comprehendat.
1122 1400 1193 1459 761.
1210 1399 1328 1459 Aliena-

252 1477 343 1538 tionis
365 1496 459 1539 causae
481 1486 511 1538 et
537 1478 746 1539 solemnitates.
769 1478 829 1540 766
851 1496 913 1562 seq.
945 1482 1150 1541 loramentum
1182 1480 1326 1558 episeopo

252 1576 322 1618 rum
344 1558 383 1618 de
408 1578 468 1620 666
492 1559 655 1620 alienandis
671 1559 799 1619 66616616
819 1560 916 1621 bonis.
933 1563 1004 1621 766.
1023 1562 1243 1623 Poenaatemero
1256 1562 1327 1621 alie-

253 1640 400 1701 nantium.
418 1643 490 1702 766.
506 1644 580 1717 Quas
592 1640 713 1701 alienari
727 1642 849 1719 possint.
867 1644 939 1703 767.

294 1724 373 1783 Bona
385 1723 514 1783 ecclesie
524 1722 621 1800 quoad
634 1723 864 1784 immunitatem.
876 1723 953 1785 Vide
965 1722 1160 1785 immunitos.

295 1804 460 1865 bonifacius
471 1807 540 1883 11111
556 1802 724 1865 vindicatur
737 1807 781 1882 11,
801 1804 874 1866 665.
895 1804 965 1885 Ejus
982 1805 1173 1867 decretalium
1186 1804 1326 1867 collectio.

161 1921 165 1925 Α
255 1885 352 1961 naa.

294 1964 540 2045 brephotrophia.
555 1970 584 2044 l,
601 1967 673 2027 666.

295 2049 399 2108 Brevia
414 2047 578 2108 Pontificio.
594 2052 623 2123 1,
639 2049 691 2109 87.
708 2051 845 2111 brevium
859 2050 1025 2111 secretaria.
1041 2052 1113 2111 650.

297 2128 491 2189 breviarium.
509 2132 537 2205 1,
555 2131 614 2191 667
628 2148 690 2213 seq.

296 2210 379 2269 116116
396 2210 572 2292 [inmanitas
582 2212 796 2275 irreformabile
810 2212 940 2274 continet
963 2211 1047 2275 Sedis
1062 2210 1235 2291 spostolicae
1245 2209 1328 2289 judi-

256 2290 345 2352 cium.
363 2295 390 2353 11
420 2293 492 2353 691.

296 2372 387 2433 Bullse
397 2336 596 2435 'Summarum
609 2376 796 2438 Pontificum.
813 2380 842 2454 1,
863 2377 903 2436 87
917 2392 978 2459 seq.
995 2380 1101 2438 Earum
1116 2374 1236 2455 species.
1253 2370 1326 2435 (616.

257 2455 433 2515 Earumdem
447 2455 643 2517 collectiones.
663 2460 703 2518 88
717 2478 748 2521 66
773 2505 780 2520 .

257 2619 270 2677 1
297 2535 545 2679 {appstdpggrim
562 2545 592 2599 et
614 2541 793 2603 cancellariae
814 2559 869 2623 pro
887 2539 1091 2602 collationibus
1104 2537 1325 2601 beneficiorum.

278 2660 288 2692 ,
379 2635 395 2676 e
486 2662 494 2679 .

298 2699 382 2759 Bulla
393 2701 584 2775 concinnast,
600 2700 672 2761 698.

298 2778 486 2843 Burcbnrdus
499 2782 721 2844 vormatiensis.
739 2786 766 2861 1,
784 2785 822 2845 75
837 2785 930 2845 6171.

778 2953 813 3026 0
922 3017 930 3030 .

298 3101 496 3163 Cercmoniae.
509 3102 587 3164 Vide
599 3103 842 3165 Sacramentum.

299 3183 459 3244 Calumniea
472 3183 601 3260 ostioli,
615 3187 667 3245 18.

299 3263 452 3325 cambium
465 3264 549 3343 quid.
567 3268 609 3341 ll,
631 3268 703 3328 567.
728 3266 873 3329 Manuale.
895 3263 968 3327 ibid.
994 3265 1105 3328 Locale.
1123 3262 1196 3327 cbid.
1216 3265 1329 3326 Sicoum

259 3347 331 3407 568.
345 3345 517 3423 Obliquum.
534 3343 604 3406 ibid.
618 3357 719 3430 etseq.

299 3430 470 3505 Campanae,
486 3445 586 3487 earum
601 3431 694 3509 origo.
707 3432 737 3506 1,
754 3431 813 3491 657
829 3449 892 3515 sep.
908 3429 1087 3492 Benedictio.
1104 3426 1176 3490 ibid.

301 3508 706 3588 666661166161666161166.1,
721 3513 777 3586 86,
792 3513 843 3573 88.

300 3588 486 3651 Cancellarin
496 3591 616 3670 regule.
631 3596 659 3667 l,
673 3593 731 3670 89,
745 3595 799 3654 681
816 3600 916 3677 etseq.

300 3671 491 3733 Candelabro.
506 3673 625 3748 1,·610,
641 3676 712 3735 616.
1004 3697 1009 3706 ’

300 3754 401 3812 Canon
415 3751 498 3829 quid.
514 3756 544 3828 1,
560 3755 599 3814 67
613 3762 715 3838 etseq.

301 3835 433 3894 canones
445 3834 670 3911 paenitentiales.
685 3841 713 3912 1,
731 3838 782 3898 75.

301 3914 453 3987 canonici,
480 3932 582 3975 eorum
607 3918 701 3997 origo.
728 3921 758 3994 l,
784 3901 967 4002 60161666.
995 3921 1117 3982 Divisio.
1143 3918 1331 3979 6061116616

260 4003 291 4054 et
303 3995 428 4055 reditus.
445 3995 503 4055 607
516 4004 545 4058 et
555 4016 617 4091 sep.
630 4001 775 4080 Dignitas'.
792 4002 864 4060 608.

301 4076 514 4138 Canonicorum
536 4079 672 4157 capitula.
703 4084 731 4156 1,
747 4083 819 4142 601.
841 4085 954 4143 florum
968 4089 1110 4161 potestas,
1133 4077 1202 4139 sede
1220 4079 1333 4158 episco-

260 4157 319 4236 pali
328 4166 459 4218 vacante.
477 4160 538 4219 608
549 4167 647 4244 etseq.

301 4239 464 4302 eanonicus
482 4241 646 4324 theologus.
666 4246 695 4322 1,
710 4244 782 4312 615.
799 4243 868 4322 lljus
882 4243 1028 4304 institutio
1048 4250 1078 4303 et
1098 4239 1238 4304 officium.
1257 4241 1329 4306 ibid.
