3575 5625
908 619 1131 692 -108-

477 771 604 852 judicio,
619 765 772 846 judiciale,
794 763 875 842 quod
893 783 910 826 n
921 764 1021 846 judice
1044 766 1188 828 defertur.
1212 769 1289 829 'l'um
1314 763 1427 830 odaeru
1444 767 1494 832 tt.
1517 775 1557 833 l8

479 874 506 917 c.
522 853 561 914 55
575 859 646 911 tom.
663 850 681 910 5
696 845 752 909 col.
768 849 828 908 tat
838 847 1047 925 jusjurandum
1067 849 1151 909 alteri
1175 846 1213 909 ad
1237 850 1332 909 altero
1355 851 1485 913 delatum
1499 872 1553 914 vo-

480 932 662 1000 luntarium,
693 937 743 990 aut
762 929 963 990 camararium
995 948 1058 990 ease
1079 930 1192 1008 inquit3
1231 929 1451 1008 voluntarium,
1476 936 1557 1012 quod

480 1023 562 1078 extra
580 1011 739 1092 judicium;
756 1011 967 1085 necessarium,
989 1010 1069 1090 quod
1091 1011 1252 1090 injudicio
1269 1010 1415 1074 defertur.
1444 1018 1558 1077 verum

479 1098 513 1159 in
536 1090 678 1157 Paratitl.
698 1093 846 1173 Digestor.
870 1088 911 1152 ad
932 1091 978 1151 tit.
1004 1091 1041 1152 de
1057 1093 1197 1175 Jurcjur.
1222 1091 1283 1154 aive
1307 1091 1461 1155 uoluntor.
1495 1096 1558 1158 aive
1665 1116 1666 1131 ³

478 1193 624 1240 necentur.
642 1175 703 1236 eive
712 1171 855 1256 judiciol.
874 1181 895 1233 t.
914 1175 954 1234 to
967 1171 1023 1234 col.
1040 1175 1116 1248 595,
1133 1174 1334 1235 voluntarium
1355 1193 1418 1236 ease
1439 1177 1556 1255 inquit,

479 1259 559 1340 quod
576 1258 613 1318 ab
635 1256 726 1316 altero
750 1254 834 1316 alteri
856 1254 990 1315 defertur
1013 1255 1045 1315 in
1065 1255 1193 1334 judicio,
1218 1256 1265 1317 vel
1283 1266 1365 1317 extra
1390 1257 1556 1336 iudicium,

479 1339 691 1414 necessarium,
712 1337 792 1415 quod
818 1335 961 1412 relertur3
982 1335 1121 1414 iudiciale
1144 1335 1225 1416 quod
1247 1355 1264 1396 a
1285 1338 1387 1416 judice
1414 1340 1556 1401 refertur.

479 1427 540 1504 Ego
553 1436 737 1482 communem
752 1418 911 1478 latinorum
925 1418 1094 1496 opinionem
1109 1436 1226 1497 aequor.
1241 1421 1317 1479 Sane
1330 1417 1420 1496 Gajus
1434 1419 1469 1481 in
1482 1422 1519 1482 t.
1537 1424 1553 1483 l

1665 1182 1667 1265 ι

478 1505 514 1646 sl.
537 1501 574 1564 dc
591 1500 728 1582 Jurcjur.
756 1525 769 1553 a
789 1499 965 1576 Maximum,
981 1499 1093 1578 inquit,
1116 1499 1283 1561 remedium
1304 1500 1556 1580 expediendorum
1665 1514 1666 1517 ’

492 1585 577 1646 itiam
600 1583 632 1643 in
651 1599 736 1643 usum
754 1581 836 1641 venit
846 1580 1040 1661 jurisjurandi
1062 1581 1183 1662 religio,
1206 1600 1264 1660 qua
1289 1582 1337 1642 vel
1361 1599 1398 1642 ex
1422 1585 1557 1661 pactione

478 1669 610 1746 ipsorum
620 1665 817 1745 litigatorum,
832 1663 878 1722 vel
891 1680 927 1723 cx
940 1663 1113 1724 auctoritate
1122 1662 1231 1742 judicis
1244 1662 1424 1724 deciduntur
1436 1674 1555 1726 coutro-

478 1749 592 1810 versiae.
611 1771 623 1801 a
645 1746 760 1824 Duplex
773 1743 905 1806 hocloco
918 1743 1006 1823 Gujus
1018 1743 1226 1823 jusjurandum
1241 1745 1395 1824 proponit,
1410 1745 1553 1823 alterum,

478 1829 557 1909 quod
578 1827 766 1910 coopertione
786 1824 986 1908 litigatorum,
1007 1825 1147 1903 alterum,
1163 1825 1244 1904 quod
1262 1845 1299 1887 eo·
1311 1823 1429 1908 judicia
1452 1837 1556 1889 aucto-

478 1914 566 1973 ritate
580 1909 736 1969 emittitur.
753 1908 975 1978 iuramentum,
991 1907 1070 1985 quod
1085 1925 1121 1968 cx
1137 1907 1319 1988 litigatorum
1332 1908 1468 1985 pactione
1487 1929 1555 1988 pro·

478 1992 570 2067 cedit,
585 1989 780 2049 necessarium
793 2005 855 2048 case
871 1988 992 2048 omnino
1009 1995 1192 2067 amputent,
1205 2006 1331 2067 cumque
1344 1988 1415 2049 huic
1427 1991 1554 2068 pactioni

478 2079 643 2151 opponatur
656 2067 763 2146 judicis
778 2069 949 2145 auctoritas,
965 2088 1031 2147 quae
1051 2070 1252 2131 necessitatem
1269 2070 1354 2145 lacit,
1372 2089 1553 2150 consequens
1665 2102 1666 2161 ι

479 2161 538 2226 est,
558 2159 591 2212 ut
613 2149 808 2212 necessarium
827 2149 1027 2228 juramentum
1050 2151 1124 2212 illud
1142 2169 1263 2230 prorsus
1290 2151 1450 2229 habeatur,
1474 2155 1553 2232 quod

479 2236 511 2296 in
528 2232 625 2294 dubiis
642 2232 734 2293 causis
755 2251 771 2291 a
788 2231 888 2311 judice
902 2250 956 2311 pro
978 2249 1030 2293 sua
1049 2235 1221 2294 auctoritate
1239 2232 1382 2294 defertur·
1402 2236 1556 2296 luramen·

477 2326 542 2377 tum
558 2323 656 2376 autem
671 2333 705 2375 ex
724 2315 858 2394 pactione
876 2321 927 2374 aut
942 2313 1112 2392 injudicio,
1129 2321 1181 2375 aut
1196 2321 1278 2374 extra
1289 2315 1435 2395 judicium
1453 2315 1553 2376 datur.
1665 2338 1666 2365 ι

479 2401 541 2460 lloc
562 2398 648 2477 plane
668 2395 866 2456 voluntarium
887 2402 945 2470 est,
968 2396 1043 2457 illud
1055 2396 1212 2474 judiciale,
1232 2399 1370 2474 quoniam
1392 2415 1490 2457 coram
1509 2398 1555 2476 ju·
1665 2430 1666 2435 1

479 2481 544 2541 dice
565 2479 721 2539 emittitur.
745 2479 856 2538 Revera
874 2477 981 2538 Paulus
998 2479 1036 2537 L.
1057 2480 1094 2539 17
1118 2477 1152 2558 ff.
1173 2476 1313 2572 Jnrejar.
1331 2478 1492 2556 juramenti
1517 2497 1555 2540 ex

478 2561 671 2621 conventione
692 2575 751 2618 non
766 2575 858 2618 unum
874 2574 966 2638 genus
981 2559 1143 2619 constituit.
1168 2559 1422 2637 rtusJurandum,
1438 2561 1552 2638 iuquit,

478 2641 558 2720 quod
578 2659 613 2700 ex
632 2639 824 2700 conventione
844 2647 925 2699 entra
944 2638 1090 2717 judicium
1109 2638 1257 2716 deleatur,
1284 2642 1388 2702 reicrri
1418 2659 1478 2702 non
1503 2660 1555 2721 po·

477 2730 546 2783 test.
559 2747 572 2776 u
592 2726 630 2786 Te
650 2727 737 2782 extro
744 2717 897 2802 judicium
910 2720 1061 2781 evidenter
1071 2721 1215 2798 ostendit,
1229 2722 1311 2782 aliud
1333 2740 1396 2782 esse
1406 2722 1556 2802 jusjuran-

478 2803 550 2865 dum
565 2823 599 2865 cr
619 2803 826 2878 conventione,
850 2802 931 2882 quod
948 2802 979 2862 in
994 2801 1106 2880 judicio
1128 2801 1280 2879 defertur3
1306 2811 1336 2864 et
1350 2802 1407 2865 hoc
1421 2824 1481 2867 nou
1496 2806 1553 2867 nisi

473 2885 613 2965 judiciale
625 2886 825 2965 juramentum
843 2902 905 2945 ease
916 2892 1027 2963 potest,
1042 2884 1122 2963 quod
1139 2885 1176 2944 ab
1188 2884 1245 2945 alio
1259 2883 1454 2967 distinguitur
1463 2905 1554 2965 prop—

476 2976 524 3028 ter
543 2967 784 3041 conventionem,
803 2983 869 3043 quae
891 2965 1051 3043 injudicio
1073 2967 1148 3026 lacta
1172 2973 1227 3027 est.
1246 2966 1351 3045 Gajus.
1380 2969 1432 3044 qui
1459 2986 1553 3047 genus

477 3050 629 3111 enarrabat
642 3048 877 3128 juramentorum
890 3046 1029 3109 finiendae
1041 3047 1102 3108 litis
1112 3066 1196 3108 causa
1210 3048 1425 3123 institutorum,
1440 3058 1555 3110 utrum·

476 3150 534 3210 que
551 3132 769 3210 juramentum,
784 3128 864 3207 quod
881 3144 935 3188 nos
948 3129 1146 3189 voluntarium
1160 3137 1190 3189 et
1204 3128 1341 3209 judiciale
1353 3130 1550 3209 appellamus,

477 3213 645 3292 complexus
663 3220 706 3272 cst
726 3228 786 3270 uno
804 3208 895 3269 verbo
916 3226 953 3269 crr
968 3210 1172 3286 accuratiorem
1191 3210 1244 3271 scd
1263 3211 1386 3285 Paulus,
1407 3212 1459 3290 qui
1483 3230 1553 3292 spe-

476 3294 551 3352 ciem
575 3293 736 3371 explicalurt
755 3291 983 3352 conventionalia
1004 3291 1180 3369 juramenti,
1205 3291 1315 3352 addere
1337 3291 1443 3354 debuit
1465 3302 1552 3355 exuo

473 3372 636 3454 judicium,
653 3382 686 3433 ut
700 3372 883 3448 ostenderet,
898 3390 959 3434 non
975 3372 1129 3452 utriusque
1147 3374 1375 3434 conventionalia
1388 3374 1550 3453 juramenti

475 3455 537 3514 vim
558 3454 690 3513 camdem
708 3472 785 3529 csse,
806 3454 856 3514 scd
872 3452 951 3514 aliud
973 3453 1071 3515 valere
1080 3456 1282 3534 juramentum
1301 3472 1337 3516 cx
1357 3458 1552 3518 conventione

474 3535 648 3612 injudicio,
662 3534 740 3595 aliud
749 3535 951 3615 jurameutum
962 3554 998 3595 cx
1011 3536 1205 3597 conventione
1215 3544 1296 3596 cntra
1305 3536 1452 3614 judicium
1462 3538 1548 3599 iacta·

475 3620 667 3679 Communem
695 3616 852 3677 latinorum
870 3616 909 3677 de
929 3616 1123 3696 jurisjurandi
1141 3617 1329 3679 distinctione
1355 3619 1548 3695 sententiam,

474 3704 721 3776 proterendos,
736 3698 794 3757 late
805 3706 948 3759 exornant
961 3698 1101 3760 Donellus
1114 3700 1149 3760 in
1160 3698 1210 3761 ait.
1225 3699 1270 3760 D'
1286 3708 1338 3760 cat.
1356 3697 1392 3761 de
1406 3701 1548 3795 Jureg'ar.

474 3796 544 3861 opp.
562 3788 632 3839 tom.
652 3782 691 3840 10
706 3776 759 3839 col.
778 3780 836 3839 849
851 3796 945 3922 segg,
962 3788 992 3839 et
1007 3783 1117 3841 Voetus
1131 3780 1164 3841 in
1180 3782 1250 3842 Pan
1287 3788 1327 3841 ct.
1343 3777 1396 3843 lib.
1414 3784 1454 3842 lt
1465 3791 1513 3844 tet.
1529 3786 1549 3844 2

473 3880 505 3923 a.
521 3861 551 3923 ,7.
565 3861 642 3923 Vide
653 3860 740 3922 etiam
752 3862 821 3922 Ant.
835 3863 908 3923 illatt
930 3878 1006 3922 aum
1019 3858 1055 3924 de
1064 3860 1168 3924 India.
1182 3862 1271 3944 Dt'ap.
1283 3865 1323 3924 to
1336 3862 1382 3923 th.
1398 3863 1418 3923 t
1432 3874 1463 3923 et
1474 3866 1506 3925 7.

518 4074 553 4246 ᾗ.
582 4074 698 4147 XXV.
736 4074 929 4151 duramento
963 4077 1140 4148 necessario
1176 4075 1267 4148 locus
1303 4092 1352 4147 cat
1378 4077 1413 4146 in
1447 4080 1549 4149 musis

469 4172 516 4247 du
542 4178 598 4265 is,
636 4172 736 4271 idque
774 4173 893 4245 dicitur
932 4176 1210 4273 mppletoricrm,
1242 4176 1398 4270 quoniam
1432 4199 1474 4247 eo
1501 4200 1550 4246 ae·
