3575 5625
634 603 852 673 -177-

212 752 380 842 triarchas,
414 778 511 850 qnam
546 778 644 824 nemo
683 778 888 826 communem
922 754 1019 826 hobet
1057 780 1132 827 curn
1167 760 1272 855 capite

211 868 242 923 et
274 854 421 948 principe
449 851 612 937 enclesiae,
648 851 700 925 hae
731 852 916 949 procedunt
945 878 985 922 ex
1015 853 1127 925 eadem
1159 872 1272 952 potes·

214 966 294 1038 tate,
323 974 396 1045 quae
424 949 484 1021 hac
510 953 553 1019 in.
576 966 668 1045 porte
698 952 877 1023 communis
905 950 989 1021 lactc
1016 967 1063 1021 est
1097 955 1191 1023 etiam
1217 981 1272 1050 pa·

213 1046 360 1119 triarchis
391 1063 425 1118 et
458 1046 693 1144 metropolitis,
726 1074 794 1121 non
824 1064 935 1121 tamen
961 1074 1089 1121 summo
1123 1050 1273 1124 Pontifici

214 1173 230 1215 c
292 1160 335 1214 ts.

233 1172 290 1345 «p
320 1242 451 1315 xxvt.
483 1243 596 1341 ltaque
637 1246 663 1316 si
696 1244 845 1317 Pontifex
876 1245 984 1316 statim
1025 1243 1102 1315 velit
1137 1270 1275 1341 cognos-

213 1368 285 1414 cere
319 1345 492 1443 sententias¹
521 1345 765 1441 episcoporum,
802 1344 922 1415 omissis
956 1343 1092 1431 mediis,
1129 1342 1192 1415 hoc
1227 1362 1275 1417 est

214 1439 427 1535 metropolitis
463 1456 496 1512 et
521 1442 728 1539 patriarchis,
771 1466 852 1539 quos
887 1443 974 1512 inter
1010 1440 1204 1513 Pontificem
1241 1459 1275 1514 et

214 1542 379 1635 episcopos
417 1538 467 1610 lex
510 1538 649 1611 ecclesias
692 1538 814 1611 medios
859 1542 987 1635 posuit,
1031 1540 1135 1611 utitur
1174 1541 1273 1637 jure,

216 1636 305 1732 quod
326 1664 345 1704 a
368 1633 495 1711 Christo
526 1637 661 1729 habuit,
684 1653 716 1708 et
746 1634 835 1734 quod
861 1640 891 1707 ei
912 1640 1075 1731 integrum
1106 1652 1154 1707 est
1179 1638 1276 1709 relic-

217 1751 307 1823 tum,
336 1737 432 1804 etism
462 1752 634 1833 postquam
663 1735 850 1832 patriarchis
877 1750 910 1805 ct
939 1732 1154 1833 metropolitis
1184 1761 1278 1807 com-

216 1858 314 1903 mune
349 1833 469 1903 sactum
509 1851 567 1905 est.
607 1834 672 1905 Lex
702 1832 841 1904 ecclesiae
875 1858 950 1929 ques
979 1830 1046 1904 sola
1081 1834 1278 1929 patriarchas
1397 1859 1401 1865 ’

216 1956 310 2027 supra
348 1934 513 2028 episcopos
549 1934 734 2020 constituit,
777 1956 830 2003 cos
871 1930 1055 2027 appellandi
1093 1930 1278 2003 facultatem

217 2028 328 2119 dedit,
371 2032 486 2101 omisso
522 2029 652 2127 judice,
697 2056 794 2127 quem
839 2043 926 2100 recta
966 2026 1151 2127 appellandi
1196 2034 1277 2102 ratio

216 2126 362 2199 medium
391 2128 620 2223 interponebat
648 2129 716 2224 (1).
750 2126 803 2198 An
836 2126 927 2223 quod
954 2152 994 2198 ex
1021 2127 1092 2223 lege
1119 2127 1277 2199 ecclesias·

215 2226 276 2295 tica
316 2224 504 2323 patriarchis
548 2226 640 2317 licet,
683 2250 750 2297 non
787 2223 898 2296 licebit
938 2250 1066 2298 summo
1105 2225 1275 2316 Pontifici,

214 2348 316 2419 quem
348 2350 449 2395 unum
482 2322 533 2393 lca
565 2323 672 2395 divino
703 2325 857 2420 episcopis
890 2327 1088 2419 superiorem
1118 2324 1212 2415 fecit,
1246 2342 1279 2395 et

212 2424 269 2491 cni
295 2419 348 2491 lex
378 2421 516 2494 eeclesiae
539 2448 666 2519 semper
692 2424 850 2516 integram
881 2421 1014 2518 reliquit
1048 2448 1118 2493 eom
1148 2447 1279 2519 quoque

210 2521 385 2614 potestatis
425 2534 569 2617 partem,
612 2545 710 2619 quam
761 2516 949 2616 patriarchis
990 2535 1023 2591 et
1065 2518 1277 2617 metropolitis

214 2642 428 2687 communem
460 2618 562 2689 fecit?
601 2698 604 2707 ⁴

212 2788 426 2934 18(glacopgpr
448 2810 512 2872 qno
541 2790 601 2852 dixi
624 2786 708 2854 tot
734 2790 779 2854 tit.
803 2792 821 2854 5
844 2798 915 2853 sect.
938 2787 1001 2871 58.
1022 2792 1061 2853 58
1079 2800 1141 2854 not.
1164 2795 1177 2854 t
1203 2809 1276 2874 pop.

258 3003 293 3104 ς.
336 3003 478 3076 xxvlt.
516 3005 598 3077 Fieri
631 3003 763 3103 quidem
796 3005 963 3076 interdum
988 3021 1113 3101 potest,
1146 3020 1183 3075 nt
1211 3029 1279 3074 non

213 3103 367 3201 expediat
418 3104 567 3176 omittere
607 3103 730 3176 medios
759 3102 909 3202 jndices,
948 3120 1047 3200 atque
1085 3101 1127 3172 ad
1170 3099 1280 3173 sedem

210 3201 432 3298 Apostolicnm
470 3203 578 3272 statim
622 3202 816 3297 oonsugcre3
855 3204 937 3299 quin
972 3203 1067 3273 etiam
1113 3197 1279 3271 interdum

212 3300 366 3371 locorum
407 3299 575 3388 distantia,
615 3299 734 3370 fraudis
773 3317 901 3389 metus,
936 3325 1045 3370 rerum
1081 3297 1276 3386 diffimltas,

210 3398 398 3495 pericnlum
450 3423 493 3468 ne
533 3399 639 3469 resciri
684 3413 830 3469 accurate
877 3401 1002 3496 possint
1044 3422 1120 3495 qnae
1165 3397 1280 3494 procul

211 3511 306 3586 gesta
334 3512 436 3586 sont,
477 3495 579 3568 secere
610 3511 735 3592 potest,
777 3512 814 3566 ut
852 3522 920 3568 non
953 3495 1097 3568 rideatur
1129 3497 1280 3593 interpo-

212 3593 328 3665 nenda
360 3593 402 3663 sd
438 3621 603 3666 summum
639 3591 832 3666 Pontificem
868 3593 1052 3690 appellatio.
1098 3593 1194 3665 Tunc
1225 3619 1280 3664 nu·

209 3709 280 3762 tem
313 3693 384 3788 ipse
407 3713 464 3763 suo
481 3693 558 3790 jure
584 3717 653 3764 non
676 3693 799 3778 utitur3
833 3691 889 3762 sed
918 3717 987 3764 non
1017 3691 1090 3764 ideo
1117 3695 1191 3790 quia
1217 3717 1280 3789 pe-

209 3790 390 3861 culiaribus
425 3790 466 3859 de
506 3793 606 3861 causis
642 3789 806 3860 interdum
843 3815 912 3862 non
949 3790 1080 3886 expedit
1113 3814 1277 3860 summum

209 3886 413 3959 Pontificem
435 3911 492 3958 sno
518 3891 594 3984 jure
618 3889 686 3978 nti,
717 3887 833 3959 exinde
863 3889 1028 3978 efficitur,
1064 3905 1100 3958 nt
1126 3890 1195 3984 ipse
1223 3911 1278 3957 re·

209 4013 288 4056 rere
320 4011 387 4058 non
410 3983 524 4056 habeat
547 4001 738 4084 potestatem
768 3985 834 4155 (li.
867 3988 914 4057 Ea
941 3986 983 4057 de
1011 4011 1103 4056 cansa
1134 3983 1275 4055 Africani
1371 4008 1375 4014 ’

207 4085 349 4174 Patres,
368 4087 425 4181 qui
452 4085 675 4183 episcoporum
708 4111 793 4180 appe
820 4087 941 4156 stiones
965 4082 1006 4154 sd
1033 4083 1143 4153 sedem
1167 4083 1277 4177 alpos·
1352 4106 1355 4112 ·

207 4184 349 4255 tolicam
375 4183 449 4277 plus
478 4183 577 4255 semel
607 4184 786 4278 {equissimo
819 4184 928 4254 animo
956 4179 1180 4346 probaveranp³
1201 4177 1276 4276 (ᾖ),

317 4304 394 4350 τοι.
424 4305 457 4350 n.
804 4350 807 4366 ,
