3575 5625
880 590 1102 661 ..slt-

453 742 609 804 mnlierem
631 739 762 818 rapiunt.
778 741 890 800 Verum
914 739 971 800 hoo
993 737 1145 800 decretum
1163 755 1223 800 non
1236 737 1386 816 pertinere
1408 736 1450 798 ad
1466 755 1536 812 eos,

454 825 505 903 qni
518 833 551 883 ut
565 843 647 886 suam
659 822 795 902 expleant
809 821 981 898 libidinem,
996 829 1113 900 raptum
1130 819 1334 894 committunt,
1352 818 1415 880 lere
1429 837 1537 882 omnes

454 906 599 966 sentiunt.
620 908 718 982 Quare
741 902 881 964 adversus
905 919 954 964 eos
971 901 1107 965 obtinere
1123 902 1233 964 debent
1248 919 1358 980 poene,
1378 919 1446 980 quaa
1459 921 1537 983 gen-
1660 917 1661 924 ¹

454 987 529 1047 tium
549 986 681 1048 monibus
707 992 737 1047 el
756 985 872 1065 legibus
893 991 963 1046 sunt
982 985 1164 1060 constitutae,
1187 983 1266 1062 quod
1293 991 1373 1044 neele
1396 981 1537 1045 observat

453 1069 619 1130 llaschatus
634 1066 730 1129 instit.
745 1068 817 1127 Jur.
834 1083 940 1128 eonon.
957 1062 1008 1128 ln.
1026 1069 1043 1128 d
1059 1065 1106 1128 tit.
1122 1066 1161 1127 ll
1175 1083 1260 1128 num.
1278 1066 1308 1124 l.

494 1149 526 1229 (5
561 1153 635 1212 Con.
652 1153 783 1232 delseq.
799 1165 883 1210 ceos.
899 1151 1058 1230 dliquisset.
1075 1152 1106 1210 2.

496 1151 539 1313 (li
560 1233 597 1293 t.
610 1251 666 1292 un.
681 1229 796 1292 cedde
809 1239 927 1312 raptor.
940 1229 1020 1312 uiro.

503 1385 534 1486 ς.
568 1385 633 1457 ΙΧ.
666 1385 820 1459 Sodomis
854 1400 889 1456 et
920 1386 1213 1484 conjunctionum
1241 1384 1350 1454 bestiis
1385 1409 1452 1457 non
1478 1385 1536 1456 de

453 1485 551 1574 licta,
594 1482 651 1554 sed
689 1499 833 1556 monstra
865 1500 899 1555 et
934 1482 1082 1581 prodigia
1118 1497 1209 1553 sunt.
1254 1480 1345 1553 Olim
1385 1484 1536 1580 quisquis
1662 1543 1663 1582 ³

453 1598 523 1653 tam
549 1579 636 1653 foeda
667 1597 702 1652 et
735 1583 890 1656 immania
921 1595 1077 1678 patrasset
1119 1581 1278 1670 erimina,
1309 1603 1384 1678 quae
1418 1596 1537 1652 contra
1662 1585 1663 1660 ἶ

455 1694 606 1751 naturam
638 1678 812 1770 dicuntur,
844 1704 912 1752 non
947 1677 1054 1750 solum
1082 1705 1101 1754 a
1128 1677 1262 1769 limine,
1297 1679 1536 1750 verumetiam

453 1776 496 1848 ab
526 1779 618 1849 omni
648 1775 792 1850 ecclesiae
819 1793 906 1850 tecto
942 1776 1170 1849 removebatur
1198 1776 1267 1873 (l).
1302 1774 1408 1847 Hodie
1435 1777 1537 1848 sodo

452 1880 531 1947 maia
555 1877 713 1974 perfecie
744 1901 763 1946 a
787 1876 865 1974 jure
888 1873 974 1948 civili
1003 1890 1110 1947 morte
1141 1876 1298 1971 punitur,
1326 1896 1401 1970 qnae
1492 1899 1537 1944 na

454 1975 498 2042 ito
529 1988 754 2070 exasperatur,
792 1988 830 2043 ut
861 1971 988 2044 infandi
1020 1973 1164 2044 criminis
1193 1973 1240 2043 rei
1272 1973 1352 2060 nivi,
1391 1996 1409 2038 v
1474 1969 1536 2042 sal·

455 2086 523 2140 tem
567 2095 681 2142 eorum
726 2068 880 2142 cadavera
933 2072 1008 2165 igne
1051 2069 1288 2142 comburantur
1333 2067 1401 2164 (ἢ).
1452 2067 1535 2140 lure
1663 2147 1664 2152 ἵ

456 2170 612 2239 canonico
657 2169 949 2240 excommunicatio
1000 2171 1035 2238 in
1089 2166 1228 2256 laicum,
1287 2169 1321 2237 iu
1377 2163 1535 2237 clericum

457 2289 533 2336 vero
565 2263 727 2361 depositio
758 2263 800 2335 ab
833 2265 965 2354 officio,
996 2263 1178 2354 beneficio,
1220 2264 1336 2336 ordine
1371 2261 1533 2352 clericali,

454 2377 488 2432 et
519 2363 556 2430 in
584 2363 818 2432 monasterinm
852 2361 997 2432 detrusio
1030 2365 1206 2436 constituta
1233 2379 1282 2434 est
1309 2361 1378 2456 (5).
1404 2359 1534 2432 Eodem

455 2482 587 2554 quoque
621 2456 720 2530 modo
759 2459 963 2554 puniuntur,
1002 2463 1060 2557 qui
1096 2487 1152 2532 sua
1189 2485 1265 2532 cum
1308 2459 1419 2529 bestiis
1463 2485 1536 2531 cor-
1664 2461 1665 2470 ’

454 2579 535 2650 pora
556 2557 843 2626 commiscuerunt.

494 2725 537 2806 (l)
558 2727 757 2788 Tertullianus
783 2725 821 2788 de
851 2725 981 2810 pudicit.
1009 2732 1122 2811 conl
1208 2773 1216 2790 .
1245 2730 1304 2791 tlt
1331 2727 1377 2790 ed.
1405 2729 1537 2814 llayoltii

454 2806 558 2871 Paria.
585 2810 683 2887 loto,
714 2809 883 2889 «Reliquas
897 2818 1010 2889 antem,
1030 2811 1143 2891 inquit,
1162 2814 1182 2873 li
1206 2811 1323 2875 idiuum
1341 2811 1432 2873 lunias
1451 2824 1484 2875 et
1501 2814 1534 2875 in

453 2908 591 2970 corpora,
617 2899 648 2951 et
670 2892 702 2951 in
722 2911 808 2953 sexus
828 2893 905 2954 ulna
925 2894 993 2973 jum
1011 2904 1141 2973 naturas,
1157 2912 1217 2956 non
1241 2894 1330 2956 modo
1350 2894 1470 2971 limine,
1486 2914 1535 2958 ve·
1665 2918 1666 2925 ¹

452 2992 520 3033 rum
544 2973 624 3032 omni
643 2974 771 3034 ecclesias
796 2982 873 3035 tecto
892 2974 1115 3052 submovemus,
1138 2976 1206 3054 quia
1231 2994 1291 3037 non
1313 2983 1382 3037 sunt
1407 2977 1532 3047 delicta,

453 3054 505 3115 scd
520 3062 662 3116 monstra.
681 3080 695 3109 a
722 3058 818 3134 Atque
834 3054 868 3116 hi
883 3064 968 3132 sunt,
987 3076 1061 3135 quos
1073 3054 1247 3141 hyemantes
1260 3058 1386 3138 appellat
1400 3060 1535 3139 synodus

453 3140 624 3216 damiana,
651 3137 762 3216 quique
783 3137 822 3198 ob
847 3138 980 3199 criminis
1004 3139 1217 3200 immanitatem
1241 3158 1275 3199 ee
1301 3140 1384 3221 digni
1409 3140 1533 3219 quidem

453 3216 657 3293 habebantur,
678 3222 729 3297 qni
744 3218 840 3279 locum
855 3219 1024 3281 obtinerent
1047 3221 1126 3281 inter
1138 3218 1258 3303 flentes,
1275 3222 1325 3297 qui
1340 3222 1457 3300 primus
1468 3231 1534 3283 erat

452 3300 633 3440 poenitggiae
653 3300 773 3379 gradus.
792 3302 869 3362 Vide
882 3320 949 3381 quoe
970 3302 1072 3382 scripsi
1101 3299 1152 3364 lte.
1172 3302 1254 3364 uait.
1274 3305 1293 3364 ἢ
1320 3301 1347 3385 S.
1376 3304 1417 3365 le
1432 3314 1494 3366 not.
1514 3308 1527 3367 l

475 3398 494 3437 a
519 3422 526 3437 .
603 3424 611 3438 .

451 3394 474 3550 1?
486 3397 534 3599 5⁹2)
554 3461 591 3519 L.
609 3461 644 3519 ol
669 3458 733 3521 eod.
760 3460 801 3523 od
820 3464 857 3523 L.
880 3462 948 3527 Iul.
972 3462 1007 3526 de
1027 3461 1174 3539 adulter.‚·
1197 3462 1224 3546 §.
1245 3466 1266 3526 l
1287 3467 1366 3526 least.
1387 3463 1423 3528 de
1441 3464 1531 3549 pudl.

445 3558 484 3620 yn
508 3537 559 3616 ie,
576 3537 683 3601 novell.
700 3542 818 3624 lleop.
837 3547 923 3622 l,L.
943 3544 1038 3607 deod.
1061 3544 1170 3608 Tlteod.
1186 3544 1276 3608 odL.
1293 3544 1359 3609 lul.
1377 3544 1530 3626 dandal„

449 3622 1529 3795 annm

409 3874 415 3883 ’
451 3789 856 3961 angfogngtznfflsss
869 3786 1209 3953 iiiloiiplii‘dniii37qui
1229 3892 1261 3935 sa
1274 3874 1464 3954 spurcissimo
1475 3876 1532 3935 oni·

448 3965 529 4007 mine
542 3946 651 4026 pluries
674 3949 885 4027 inquinarunt,
901 3951 1057 4032 degradari
1082 3963 1112 4015 et
1136 3956 1226 4017 cunita
1239 3957 1371 4018 sonulani
1387 3956 1465 4019 trudi
1481 3958 1532 4019 dc·

451 4028 542 4109 bent,
557 4029 632 4091 sicut
645 4030 843 4093 demonstravi
858 4029 910 4095 lala.
928 4037 941 4095 l
961 4035 1006 4097 til.
1022 4032 1080 4117 8§.
1095 4038 1135 4099 25
1143 4054 1216 4121 pou.
1234 4038 1305 4101 554.
