3575 5625
664 674 712 689 —
741 632 812 703 175
840 674 888 688 -

280 781 310 951 ξ.
351 780 430 851 XX.
465 778 566 867 Quod
597 782 631 850 in
659 779 743 851 civili
778 779 943 877 republica
981 780 1160 878 Princeps,
1198 782 1233 851 id
1275 788 1310 853 iu

231 907 286 952 ecc

301 882 443 950 esiastica
483 903 631 949 summus
669 878 820 949 Pontifex
857 894 928 963 est3
979 882 1134 975 quoniam
1176 905 1251 951 eum
1293 908 1312 951 a

231 978 362 1049 Christo
401 978 462 1048 toti
500 976 644 1047 ecclesiae
677 978 887 1073 praepositum
915 976 1010 1048 luisse
1039 1003 1114 1047 cum
1152 976 1311 1072 dignitate

231 1092 265 1145 et
309 1072 544 1163 urisdictioue,
586 1090 713 1147 certum
751 1088 810 1145 est.
855 1071 967 1159 Quare
1009 1091 1047 1143 ut
1080 1077 1232 1171 princeps
1275 1079 1311 1147 in

231 1102 316 1243 civili
354 1170 522 1268 republica
558 1173 731 1261 omnium,
770 1196 852 1267 quos
884 1171 945 1241 sibi
985 1170 1148 1269 subjectos
1190 1172 1308 1261 babet,

232 1296 273 1365 ap
317 1269 468 1340 llatiunes
497 1270 632 1365 recipit,
666 1284 699 1339 et
728 1293 766 1338 ex
785 1270 863 1367 jure
893 1272 1013 1341 summi
1040 1272 1192 1367 imperii,
1222 1270 1313 1366 quod

232 1296 334 1437 habit
357 1369 393 1435 iu
427 1365 612 1464 republica,
642 1380 676 1437 et
709 1392 748 1438 ex
778 1364 907 1456 officio,
942 1366 1034 1465 quod
1073 1384 1122 1437 est
1150 1392 1314 1437 annexum

233 1490 323 1537 curae
349 1479 382 1534 ct
403 1462 612 1535 sollicitudini
645 1466 795 1535 omnium
821 1490 955 1555 rerum,
989 1490 1063 1562 quae
1091 1467 1126 1535 iu
1149 1465 1315 1561 republica

234 1578 415 1655 geruntur,
456 1564 500 1631 ita
539 1586 686 1632 summus
725 1560 876 1633 Pontifex
911 1563 982 1658 pari
1023 1564 1100 1661 jure
1135 1580 1169 1633 et
1204 1560 1314 1634 officio

234 1662 270 1728 iu
298 1658 465 1754 republica
499 1658 709 1731 ecclesiastica
747 1684 861 1730 omnes
901 1661 1018 1754 recipit
1059 1660 1312 1755 apellationes,

236 1780 311 1851 quae
341 1773 480 1853 propter
511 1782 581 1846 res,
611 1756 662 1829 vel
701 1771 839 1854 propter
867 1780 1043 1851 personas,
1077 1686 1178 1854 bajus
1208 1761 1316 1853 reipu-

234 1852 330 1926 blioae
370 1857 513 1949 propriae
554 1870 642 1926 sunt.
689 1854 805 1951 ltaque
841 1854 898 1951 jus
941 1853 1198 1951 appellationum
1248 1880 1316 1926 non

236 1954 432 2022 extrinsecus
463 1955 594 2023 accessit
635 1962 765 2023 sumnio
804 1950 980 2041 Pontifici,
1015 1950 1073 2021 sed
1113 1951 1248 2023 affixum
1281 1970 1315 2025 et

236 2051 369 2119 insitum
396 2064 444 2119 est
479 2052 513 2119 in
554 2053 623 2146 ipso
657 2048 825 2140 Primatu,
859 2064 959 2146 atque
996 2050 1032 2119 in
1066 2050 1311 2147 jurisdictione,

236 2171 311 2241 quae
335 2146 432 2245 bujus
456 2146 619 2217 Primatus
648 2146 756 2217 divina
779 2149 983 2218 institutione
1005 2150 1137 2244 propria
1161 2166 1210 2219 est
1235 2150 1310 2243 (l),

235 2243 516 2338 quemadmodum
563 2248 619 2340 qui
667 2245 751 2315 civili
809 2244 996 2341 reipublicae
1046 2270 1120 2315 cum
1178 2248 1315 2341 imperio

235 2357 379 2435 praeest,
428 2343 576 2413 omnium
625 2344 742 2439 accipit
795 2341 1028 2440 appellationes
1086 2341 1312 2433 subditorum,

229 2440 310 2535 jure
339 2442 505 2535 potestatis
532 2455 566 2511 et
592 2442 721 2537 imperii
753 2443 813 2511 sui.

275 2649 323 2731 (l)
344 2650 498 2713 Eusebiani
513 2657 552 2715 lV
573 2653 694 2729 saeculo,
707 2670 774 2713 curn
792 2653 924 2731 iniquam
941 2654 1077 2713 tulissent
1091 2654 1265 2714 sententiam
1285 2654 1317 2713 in

233 2738 266 2795 S.
293 2732 504 2806 Athanasium,
533 2742 621 2814 atque
650 2736 675 2795 is
700 2734 737 2794 ad
768 2734 878 2797 iulium
905 2739 929 2796 l.
958 2738 1114 2797 Summum
1144 2735 1316 2797 Pontificem

233 2816 430 2896 confugisset,
449 2817 524 2877 banc
540 2817 765 2896 appellationem
783 2835 860 2897 tegre
879 2817 1029 2894 tulerunt,
1049 2818 1133 2878 sicuti
1149 2825 1263 2878 constat
1281 2835 1317 2877 ex

234 2898 306 2959 tutti
329 2901 341 2958 1
360 2915 406 2978 ep.
427 2897 467 2958 od
481 2897 642 2960 Eusebiae.
669 2898 748 2977 apud
770 2899 972 2959 coustantium
993 2918 1039 2980 ep.
1061 2886 1201 2981 Poniifie.
1229 2901 1315 2959 Rom.

233 2977 288 3039 eol.
308 2981 370 3040 555
392 2987 420 3040 et
439 2997 516 3062 sep,
540 2989 570 3040 et
597 2985 756 3041 sozomeno
778 2976 849 3040 bist.
875 2976 928 3039 tit.
953 2983 971 3040 5
991 3000 1016 3040 e.
1039 2981 1146 3060 ipae.
1167 2983 1220 3040 tot
1244 2979 1316 3039 edit.

237 3057 383 3121 Cantaba.
398 3061 488 3122 1720.
503 3060 626 3124 Photius
637 3063 678 3122 lX
693 3061 799 3121 saeculo
810 3061 858 3140 jus
873 3061 1100 3138 appellationum
1115 3063 1145 3120 in
1161 3061 1320 3120 discrimen

234 3143 397 3218 revocavit,
413 3161 481 3204 cum
499 3161 593 3222 eoque
608 3144 795 3204 consentiunt
814 3140 969 3204 Zacharias
990 3143 1141 3220 episcopus
1168 3141 1318 3218 chalced,

235 3227 367 3285 loannes
395 3226 539 3300 Zonaras,
562 3223 736 3286 Theodorus
761 3224 931 3298 Balsamon,
961 3225 1076 3284 Marcus
1101 3222 1263 3300 Ephesinns
1290 3231 1321 3283 et

234 3305 375 3366 Meletius
392 3305 619 3367 Alexandrinus.
641 3310 675 3367 lu
689 3306 792 3366 codem
808 3306 872 3366 luto
892 3304 1066 3365 baesitaruut
1088 3304 1224 3365 Calvinus
1241 3308 1318 3367 lust.

235 3383 285 3447 tit.
307 3389 372 3447 dc.
396 3387 430 3461 7,·
446 3391 561 3448 Marcus
580 3386 723 3450 Antonius
742 3387 780 3448 de
801 3387 956 3462 Dominis,
982 3393 1126 3466 apostata,
1153 3384 1188 3446 de
1205 3385 1318 3467 repitit.

235 3465 346 3528 christ.
370 3464 419 3528 tib.
443 3471 456 3528 l
477 3489 502 3531 c.
523 3472 559 3544 5,·
579 3468 720 3531 Melchior
741 3469 944 3549 Leydeckerus
962 3467 994 3529 ia
1015 3467 1133 3529 dissert.
1157 3466 1193 3529 de
1209 3467 1318 3530 libert.

235 3547 310 3611 ecel.
331 3545 425 3630 Afric.
446 3557 475 3610 et
493 3551 691 3612 transsitoriae.
714 3546 842 3632 appell,
868 3551 978 3627 aliique
1000 3551 1120 3610 similes.
1149 3552 1322 3612 Hincmarns

235 3631 393 3694 Remeusis
405 3635 447 3692 tx
465 3633 570 3692 saeculo
592 3632 758 3707 contendit,
776 3633 825 3711 jus
842 3632 1069 3710 appellationum
1090 3641 1204 3692 tantum
1220 3652 1236 3692 a
1252 3637 1321 3694 Sar-

234 3713 350 3773 diceusi
373 3713 495 3774 concilio
517 3733 632 3774 summo
657 3712 790 3775 Pontifici
815 3714 906 3774 fuisse
925 3713 1070 3774 tributum
1099 3721 1129 3772 et
1151 3731 1219 3773 curn
1238 3733 1320 3792 posse

235 3795 361 3872 quidem
378 3812 468 3856 novos
485 3793 556 3856 dare
573 3796 687 3874 judices
706 3795 736 3854 in
751 3796 917 3874 provincia,
939 3795 971 3854 in
984 3814 1042 3873 qua
1060 3796 1186 3874 episcopi
1200 3795 1322 3873 judicati

235 3885 326 3952 sunt,
346 3877 444 3953 ipsum
460 3895 528 3937 vero
547 3895 663 3938 causatu
682 3881 782 3938 Romae
800 3877 934 3955 judicare
952 3895 1012 3937 non
1036 3895 1131 3955 posse.
1148 3877 1256 3937 Eadem
1277 3884 1322 3936 est

234 3958 385 4019 sententia
406 3959 485 4018 Petri
505 3958 542 4018 de
561 3962 657 4020 Marsa
680 3958 817 4022 concord.
838 3955 955 4019 sacerd.
978 3965 1007 4018 et
1018 3957 1123 4038 imper.
1144 3955 1194 4018 tit.
1212 3959 1270 4016 7e.
1286 3960 1321 4031 5,·

235 4038 390 4114 Quesnelli
419 4037 535 4100 dissert.
563 4044 581 4102 5
604 4048 633 4100 et
657 4040 676 4099 8
701 4041 733 4101 irs
758 4059 827 4122 opp.
848 4041 880 4100 S.
898 4039 1013 4100 Mettis.
1042 4043 1109 4114 M.;
1136 4044 1182 4100 Du
1206 4038 1259 4097 Pin
1285 4035 1321 4097 de

236 4120 338 4202 antiq.
365 4117 432 4180 eccl.
454 4118 573 4202 discipl.
599 4121 672 4183 diss.
702 4125 797 4182 bct
843 4165 849 4181 .
877 4123 912 4196 5,·
936 4121 1116 4182 Boehmerus
1141 4119 1228 4177 etiam
1246 4117 1319 4179 diss.

237 4201 273 4263 de
289 4201 395 4264 causis
412 4201 519 4263 arduis
537 4210 564 4263 et
579 4201 759 4285 majoribus,
777 4221 826 4263 mu
841 4210 868 4262 ta
891 4203 1020 4262 cumulat
1036 4211 1099 4262 tum
1117 4200 1255 4260 nds‘ers'us
1273 4199 1322 4278 jos
