3575 5625
663 680 887 750 -559-

233 835 456 928 sacrilegium,
514 845 646 929 raptus,
680 829 847 916 sodomia,
884 829 1070 925 conjonctio
1109 853 1185 897 cum
1230 826 1308 898 bes·

234 935 304 1020 tiis,
335 955 412 1026 quae
445 927 542 1023 vulgo
585 929 778 1001 marmurae
811 924 1007 1021 appellatur.
1042 924 1222 995 Fornicatio
1261 939 1311 995 est

234 1029 433 1100 voluntarius
475 1025 668 1098 concubitus
707 1026 767 1094 riri
804 1048 880 1094 cum
923 1024 1082 1107 muliere,
1130 1022 1187 1116 qui
1244 1019 1311 1093 duo

233 1129 321 1198 inter
354 1150 389 1194 se
416 1126 500 1195 inire
536 1123 783 1192 matrimonium
823 1133 977 1217 possent,
1008 1119 1164 1214 quoniam
1196 1133 1313 1188 neuter

233 1222 298 1294 alio
344 1221 476 1293 vinculo
527 1219 701 1292 obstrictus
743 1234 805 1290 est.
849 1215 1095 1288 concubinatus
1139 1226 1189 1284 cst
1231 1238 1315 1284 oon-

226 1321 380 1420 junctio,
416 1345 473 1390 seu
508 1315 710 1389 consuetudo
748 1316 807 1384 viri
855 1314 972 1404 soluti,
1017 1312 1080 1382 hoc
1114 1324 1163 1382 est
1200 1313 1316 1379 matri·

233 1419 348 1488 monio
387 1440 455 1488 nou
486 1414 639 1511 obligati,
673 1439 749 1485 cum
784 1411 891 1483 soluta
925 1414 1007 1483 item
1041 1409 1201 1496 foemina,
1240 1431 1317 1502 quae

233 1519 344 1585 uxoris
373 1511 445 1584 loco
480 1539 549 1585 non
587 1527 655 1600 est3
693 1526 845 1608 stuprum
878 1511 977 1580 vetita
1008 1507 1204 1602 compressio
1248 1505 1317 1573 vir·

233 1615 343 1705 ginis,
388 1609 585 1681 adulterium
630 1607 726 1678 alieni
765 1606 853 1677 tbori
890 1605 1019 1677 uiolatio
1054 1605 1131 1700 (l),
1176 1604 1317 1671 incestus

233 1711 424 1808 conjunctio
469 1706 640 1795 affinium,
689 1719 746 1774 aut
799 1704 1138 1797 consanguineorum,
1188 1697 1319 1770 sacrile-

233 1809 329 1900 gium
365 1803 559 1878 concubitus
596 1827 674 1873 cum
714 1824 873 1896 persone,
909 1823 985 1895 quae
1021 1821 1056 1868 se
1099 1798 1169 1868 Deo
1206 1797 1315 1879 vovit,

233 1919 353 1999 raptus
396 1901 537 1972 violenta
580 1898 733 1969 abductio
781 1896 926 1968 honestae
978 1918 1125 1991 persone
1175 1891 1320 1962 libidinis

233 1997 413 2094 explendae
450 2023 543 2067 causa
588 1995 654 2092 (⁶2).
690 1993 846 2066 Sodomia
880 2008 930 2064 ert
958 1993 1145 2064 con‘nnctio
1179 1989 1320 2060 duarum

233 2119 456 2191 personarum
500 2092 644 2192 ejusdem
694 2115 807 2180 sexus,
857 2115 933 2187 quoe
973 2019 1118 2161 sodomia
1161 2088 1320 2185 perfecta

232 2193 385 2281 dicitur,
427 2215 498 2260 eam
541 2215 618 2261 vero
658 2191 806 2286 proxime
833 2191 981 2284 sequitur
998 2185 1158 2256 sodomia
1183 2189 1320 2281 imper-

231 2292 353 2380 s'ectn,
381 2312 480 2375 qnam
512 2287 693 2353 admittunt
725 2284 800 2351 duae
830 2307 980 2376 personae
1007 2281 1169 2350 dissimilis
1202 2305 1318 2367 sexus,

236 2401 316 2474 quae
357 2401 532 2472 corporum
564 2378 771 2474 copulatione
805 2376 970 2448 violarunt
1006 2375 1177 2467 ordinem,
1218 2401 1319 2472 quem

234 2474 418 2545 liberomm
469 2473 746 2570 procreandorum
806 2500 901 2545 causa
960 2489 1076 2545 natura
1135 2475 1316 2546 constituit.

236 2571 393 2667 Denique
429 2587 478 2641 est
506 2571 718 2660 bestialitas,
760 2595 837 2642 cum
869 2575 944 2669 quis
977 2569 1114 2644 libidine
1153 2597 1210 2643 sua
1237 2571 1318 2642 bes·

239 2671 302 2738 tias
335 2670 505 2764 appetivit.
1266 2695 1273 2707 ·

283 2848 326 2931 (l)
347 2848 535 2912 Adulterium
546 2849 615 2929 jure
636 2850 714 2911 civili
727 2858 844 2913 tautum
856 2852 888 2913 in
909 2852 1035 2913 alienam
1055 2852 1210 2932 conjugem
1225 2851 1261 2912 l.
1278 2852 1318 2913 ct

238 2930 277 3014 ff.
294 2928 336 2993 ud
360 2932 396 2993 t.
416 2928 483 2993 Iul.
499 2930 536 2993 de
560 2930 708 3010 adulter.‚·
724 2933 794 3011 jure
812 2951 881 2994 vero
901 2934 1039 2995 canonico
1059 2952 1077 2993 a
1096 2934 1203 2993 marito
1224 2933 1319 2992 alieno

240 3016 273 3073 in
289 3012 450 3091 quamlibet
466 3014 555 3075 ctiam
569 3014 724 3093 innuptam
740 3015 890 3075 ioeminam
907 3015 1100 3075 committitur
1117 3032 1185 3075 corr.
1205 3015 1264 3087 15,
1281 3016 1320 3074 to

240 3114 309 3155 cun.
326 3096 365 3155 52
382 3104 487 3178 queat.
510 3099 539 3157 b.
561 3096 645 3157 Falso
666 3104 764 3157 sutem
783 3096 917 3173 Cujacius
938 3095 971 3155 in
987 3093 1094 3155 decrat.
1113 3112 1179 3175 cup.
1199 3096 1219 3153 l
1236 3095 1316 3155 titt

241 3174 293 3237 lib.
315 3179 326 3236 t
347 3194 416 3258 opp.
436 3184 507 3237 tom.
524 3174 611 3238 brol.
632 3176 871 3240 irradiaret.
897 3175 1091 3256 reprehendit
1104 3174 1247 3236 Alexand.
1264 3178 1317 3238 lli.

241 3258 340 3337 quod,
360 3266 394 3317 ut
412 3258 526 3336 inquit,
551 3258 584 3320 in
598 3261 702 3339 cuph
725 3258 761 3320 de
783 3257 887 3322 ludia.
909 3258 1088 3320 adulterium
1109 3256 1188 3318 inter
1210 3257 1319 3319 leviora

242 3340 368 3399 crimina
383 3340 540 3400 recensuit.
556 3340 705 3418 cujacium
719 3348 885 3420 sequomur
903 3339 1035 3403 haretici
1050 3339 1230 3419 complures,
1250 3358 1320 3419 quo·

240 3438 312 3481 rum
330 3419 362 3480 in
384 3424 531 3483 Romanos
545 3420 700 3482 Pontifices
717 3423 832 3503 insigne
857 3422 959 3484 odium
980 3430 1041 3494 est,
1064 3429 1152 3499 atquc
1169 3421 1247 3482 inter
1271 3442 1320 3486 eos

242 3502 391 3565 Antonius
410 3502 565 3563 Mattheus
582 3498 617 3563 dc
634 3502 753 3566 crimin.
775 3500 890 3587 μνοίας.
911 3522 979 3587 cup.
1003 3507 1022 3566 6
1046 3520 1081 3565 eo
1105 3521 1197 3582 osque
1222 3504 1322 3585 impu·

242 3584 355 3645 dentiae
379 3582 583 3663 progreditur.
608 3592 642 3643 ut
668 3582 706 3644 ad
731 3584 787 3645 hoc
812 3586 918 3645 vitium
944 3586 1102 3665 proclivem
1127 3584 1319 3651 audacissime

241 3666 322 3726 dicat
340 3664 554 3725 sanctissimum
569 3665 739 3726 Pontificem
751 3708 761 3743 ,
772 3666 854 3745 cujus
867 3666 1046 3728 continentia
1059 3666 1197 3727 omuibus
1211 3686 1319 3731 monu-

242 3747 354 3807 mentis
367 3753 471 3807 tcstata
487 3753 548 3821 est,
569 3763 603 3805 ao
628 3764 667 3805 ne
685 3748 716 3807 in
738 3747 932 3827 suspicionem
949 3750 1069 3824 quidem
1094 3748 1220 3811 adducta
1237 3753 1268 3811 in
1285 3769 1320 3813 eo

242 3828 311 3887 diro
329 3846 363 3887 ac
377 3827 519 3887 diuturno
542 3824 713 3903 schismate,
728 3846 786 3907 quo
805 3831 868 3907 ipae
888 3838 1009 3892 vexatus
1033 3832 1104 3906 init,
1131 3848 1220 3909 opera
1242 3850 1320 3911 prte-

243 3908 349 3971 sertim
377 3908 526 3969 Fredcrici
548 3912 560 3969 i
582 3908 782 3989 imperatoris,
800 3910 850 3989 qui
875 3920 976 3973 contra
995 3930 1064 3972 eum
1082 3919 1157 3988 tres,
1178 3918 1230 3970 aut
1252 3930 1322 3989 qua·

243 4000 330 4066 tuor,
355 3996 390 4049 ut
408 3991 457 4051 alii
476 3996 597 4069 putant,
614 3992 781 4071 anti-papas
802 3992 934 4073 impense
946 3994 1031 4055 fovit.
1053 3993 1111 4054 Sed
1129 3988 1320 4130 impudentia·

244 4074 351 4133 simam
376 4072 551 4132 calumniam
571 4071 678 4133 invicte
694 4074 832 4136 rehrtavit
857 4076 977 4137 Carolus
1000 4072 1139 4135 Blasehos
1183 4068 1320 4135 {utnon
1398 4117 1406 4125 -

244 4152 288 4214 ad
306 4171 371 4234 cap.
388 4153 408 4212 t
423 4151 459 4213 de
477 4151 580 4213 ludio.
595 4152 678 4225 ¹r'nter
691 4153 756 4235 ejus
777 4152 914 4238 opuscrd.
940 4153 1075 4217 canonic
1096 4146 1227 4232 Neapoli
1239 4150 1319 4215 edita

245 4254 300 4296 un.
320 4235 399 4296 1758
416 4242 487 4297 torn.
502 4237 515 4296 l
529 4252 600 4317 pap.
618 4238 677 4299 too
692 4254 754 4319 seq.
