3575 5625
696 635 917 705 -155-

269 815 303 860 aa
327 787 499 884 perficitur
531 784 573 854 ab
606 783 868 880 apparitoribus,
897 786 956 880 qui
986 809 1019 855 se
1047 787 1081 854 in
1116 783 1225 857 locum
1258 813 1341 860 con·

268 889 395 974 ferunt,
426 882 484 952 ubi
511 900 589 953 sunt
613 880 719 970 bona,
752 907 893 979 quorum
923 897 1048 977 partem
1080 886 1214 979 capiunt
1244 910 1339 956 earn·

268 1011 330 1152 que
359 982 510 1053 inserunt
537 982 572 1052 iu
611 977 722 1050 locum
762 979 951 1077 publicum,
992 979 1049 1050 ubi
1084 979 1241 1052 servanda
1267 1001 1340 1074 est,

289 1107 371 1152 onec
406 1081 557 1150 auctione
598 1080 774 1150 constituta
819 1075 1001 1165 vendatur,
1043 1093 1099 1148 cut
1137 1106 1155 1148 a
1194 1079 1342 1154 debitore

267 1193 490 1274 recuperetur.
528 1174 628 1261 Quod
663 1177 687 1244 si
725 1174 809 1247 bona
846 1173 919 1247 haec
956 1173 998 1244 ad
1038 1174 1207 1272 publicum
1232 1177 1340 1250 locum

267 1276 386 1349 delerri
416 1273 590 1346 commode
619 1289 809 1369 nequeant,
840 1272 898 1343 ubi
926 1289 1020 1362 sunt,
1052 1277 1257 1362 retinentum
1285 1277 1343 1347 sed

268 1376 375 1447 clauso
417 1371 654 1468 obsignatoque
693 1373 773 1442 ostio
820 1387 854 1441 et
904 1369 1011 1442 edicto
1060 1373 1248 1468 proposito,
1301 1399 1344 1445 ne

270 1475 342 1570 quis
375 1473 498 1541 ostium
527 1467 679 1563 effringat
716 1467 891 1565 locumque
931 1467 1134 1564 ingrediatur
1169 1468 1238 1566 (I).
1273 1468 1343 1541 lle-

269 1593 342 1640 rum
369 1593 449 1639 cum
486 1568 632 1638 executio
671 1564 713 1636 de
755 1566 849 1637 bonis
886 1565 1110 1638 immobilibus
1141 1583 1209 1655 est,
1244 1569 1278 1638 in
1307 1594 1344 1639 ea

271 1663 488 1764 perficienda,
530 1679 653 1761 praeter
699 1666 919 1760 apparitores,
960 1679 1017 1734 aut
1059 1666 1249 1754 nuntium,
1281 1667 1345 1738 sive

269 1788 455 1850 cursorem,
492 1762 591 1832 etiam
626 1765 771 1832 notarius
808 1759 1002 1850 adhibetur,
1044 1763 1101 1860 qui
1135 1761 1228 1834 laetae
1268 1789 1347 1835 exe-

270 1862 409 1933 cutionis
436 1859 607 1955 publicum
637 1861 858 1932 testimonium
885 1858 1047 1954 perhibet.

312 2030 354 2111 (l)
376 2035 399 2093 A
418 2031 605 2110 pragmaticis
622 2032 728 2112 pagina
745 2030 794 2091 illa
817 2031 1042 2112 snperImposita
1061 2039 1226 2092 transverso
1247 2033 1346 2112 ligno,

271 2132 337 2192 quaa
358 2115 437 2175 sores
462 2113 588 2174 occludit
614 2121 643 2172 et
668 2132 726 2190 qua
748 2121 866 2174 cautum
890 2121 953 2189 est,
981 2131 1018 2173 ne
1050 2113 1116 2192 quis
1144 2132 1191 2174 eas
1219 2123 1345 2190 reesert,

272 2193 539 2277 biffiaappellatur.

320 2339 353 2442 §.
393 2341 525 2412 XVIII.
564 2341 700 2413 Peracta
742 2342 932 2414 executione
972 2343 1093 2437 pignus
1132 2341 1342 2432 distrahitur,

271 2443 333 2510 nisi
361 2438 452 2536 quod
482 2441 615 2509 iuterim
643 2438 771 2510 debitor
806 2436 1080 2534 impedimentum
1114 2441 1253 2530 inserat,
1288 2468 1349 2514 cu-

265 2539 326 2634 jus
366 2539 467 2633 gratia
501 2563 538 2608 ea
576 2539 720 2632 pignoris
757 2535 903 2606 venditio
942 2536 1086 2632 expediri
1127 2563 1196 2608 non
1233 2542 1344 2634 possit.

271 2634 415 2730 Pignora
439 2650 547 2706 autem
580 2633 808 2704 distrahuntur
838 2635 874 2704 in
901 2634 990 2722 loro,
1022 2633 1109 2704 hasta
1140 2637 1243 2730 posita
1271 2635 1346 2730 (l);

272 2758 343 2804 non
366 2731 503 2829 quidem
537 2734 670 2822 statim,
699 2731 757 2802 sed
787 2747 863 2828 post
894 2745 1021 2802 certum
1054 2735 1209 2828 temporis
1244 2735 1349 2804 inter·

272 2830 416 2918 vallum,
457 2829 547 2928 quod
580 2830 660 2900 Iure
696 2829 780 2901 cirili
809 2828 1038 2925 complectitor
1080 2829 1162 2901 duos
1202 2856 1348 2921 menses,

272 2943 450 3025 postquam
472 2930 608 3025 pignora
624 2945 718 3024 capta
741 2942 818 2997 sunt
844 2927 914 3022 (ἃ).
947 2925 1070 2997 Verum
1104 2926 1165 2997 lori
1190 2952 1260 2999 mos
1275 2946 1347 3019 est,

272 3043 311 3096 ut
340 3025 473 3097 decreto
506 3024 646 3123 judicis,
684 3024 773 3123 quod
802 3041 940 3118 rogante
967 3024 1127 3094 creditore
1161 3026 1347 3116 emittitur,

272 3126 360 3193 intra
389 3122 458 3193 dies
490 3122 603 3195 decem
639 3124 744 3194 hastae
785 3120 999 3218 subjiciantur
1029 3136 1233 3215 teneantque
1265 3120 1350 3193 bona

273 3219 426 3307 mobilia3
458 3236 493 3289 at
525 3224 561 3291 in
592 3222 687 3291 bonis
717 3218 940 3290 immobilibus
971 3219 1115 3315 primum
1148 3220 1245 3287 instat
1275 3245 1351 3290 cre·

275 3319 382 3407 ditor,
423 3335 462 3388 ut
500 3318 590 3389 basta
626 3333 789 3415 ponatur3
831 3334 902 3387 tum
942 3332 1175 3413 proponuntur
1223 3316 1350 3404 edicta,

276 3416 395 3511 quibus
426 3416 600 3487 licitatores
646 3415 687 3484 ad
729 3418 913 3486 auctionem
957 3430 1134 3500 vocantur3
1185 3430 1350 3511 postremo

274 3512 427 3583 exhibitis
475 3517 660 3610 apertisque
710 3512 933 3609 chirographis
983 3515 1186 3584 auctionariis
1234 3515 1351 3607 singu·

275 3608 404 3699 lorum,
437 3628 550 3705 rogatu
590 3610 779 3698 creditoris,
814 3609 899 3679 bona
931 3612 1016 3679 intra
1050 3636 1199 3682 mensem
1221 3608 1351 3704 largiori

276 3705 417 3777 oblatori
460 3708 708 3805 adjudicantur,
765 3732 871 3805 eoque
912 3708 1021 3804 elapso
1066 3708 1173 3779 adbuc
1223 3706 1352 3779 debitor

277 3804 378 3875 habet
410 3830 554 3877 mensem
573 3831 699 3895 unum,
731 3830 797 3901 quo
830 3808 948 3900 pignus
973 3806 1058 3895 luat,
1091 3806 1153 3877 hoc
1185 3820 1233 3875 est
1262 3830 1353 3875 recu·

276 3917 372 3998 peret
414 3900 500 3973 bona
537 3907 747 4000 pretiumque
782 3905 949 3993 restituat,
995 3903 1083 4000 quod
1126 3902 1167 3973 ab
1204 3918 1353 3998 emptore

275 3998 422 4069 solutum
451 4016 512 4073 est.
539 3998 625 4071 Cum
646 4024 744 4071 nemo
770 4000 812 4069 ad
832 4000 955 4071 hastam
986 4004 1135 4090 accessit,
1169 4002 1353 4071 auctionem

276 4095 445 4185 facturus,
474 4100 573 4168 tertio
614 4100 766 4188 minoris,
798 4124 899 4195 quam
937 4101 1092 4170 aestimata
1127 4112 1229 4184 sunt,
1268 4095 1353 4166 bona

275 4192 434 4265 creditori
467 4194 665 4267 addicuntur
692 4194 761 4291 (5).

381 4314 457 4360 rou.
487 4316 521 4362 ιι.
1231 4290 1255 4358 8
