3575 5625
1183 714 1287 759 XXXlX

204 828 286 909 grati
301 827 467 901 extiterint,
480 828 605 907 capitula
626 829 788 910 ecatalogo
802 846 851 891 eos
871 829 1029 909 delebunt,
1055 832 1169 911 reliquo
1188 842 1286 896 tamen

204 916 349 971 manente
367 908 521 970 sufficienti
541 907 763 971 candidatorum
781 928 905 973 numero
927 931 962 973 ex
979 931 1038 991 quo
1061 932 1153 974 novus
1172 915 1288 977 archie-

202 991 357 1071 piscopus,
372 990 419 1050 ael
436 992 586 1070 episcopus
604 993 673 1072 eligi
691 992 795 1054 valeat.
814 996 897 1055 Tunc
911 1012 981 1055 vero
1002 995 1126 1071 capitula
1146 995 1183 1054 ad
1202 1016 1285 1059 cano

204 1072 306 1133 nicam
316 1072 489 1133 electionem
502 1074 534 1133 in
547 1072 798 1153 archiepiscopum
815 1074 862 1135 vel
880 1075 1049 1154 episcopum
1063 1076 1151 1135 unias
1166 1092 1202 1135 ex
1219 1096 1289 1139 cau-

205 1152 318 1214 didatis
327 1154 378 1232 qui
389 1156 566 1233 supererunt
574 1154 659 1234 juxta
669 1164 820 1216 consuetas
831 1158 982 1218 canonicas
993 1157 1102 1217 formas
1113 1157 1285 1234 procedent,

204 1254 242 1295 ac
267 1234 476 1296 documentum
489 1230 640 1297 electionis
661 1238 692 1297 in
706 1237 800 1297 forma
813 1237 982 1299 authentica
1005 1236 1082 1298 intra
1104 1255 1236 1299 mensem
1251 1238 1287 1299 ad

206 1320 366 1378 Summum
380 1316 553 1378 Pontificem
567 1318 693 1395 perferri
707 1318 866 1379 curabunt.

250 1396 399 1459 Confectio
420 1416 571 1476 processus
589 1399 767 1460 informativi
782 1407 962 1478 superstate
981 1400 1124 1473 ecclcsiae,
1147 1406 1177 1460 et
1191 1401 1287 1478 quali-

205 1478 320 1538 tatibus
330 1479 521 1558 promovendi
536 1480 573 1540 ad
583 1480 858 1561 archiepiscopalem
868 1483 915 1541 vel
928 1481 1119 1561 episcopalem
1134 1481 1285 1543 ecclesiam

205 1578 224 1617 a
236 1562 369 1620 Romano
383 1560 525 1622 Pontifiee
541 1560 579 1622 ad
592 1562 718 1624 formam
731 1563 934 1624 instructionis
948 1564 998 1624 fel.
1015 1582 1075 1623 rac.
1095 1562 1205 1625 Urbani
1226 1566 1284 1625 PP.

206 1642 290 1700 Vlll.
303 1640 388 1718 jussu
401 1642 488 1702 edita
505 1644 719 1719 committetur,
733 1662 793 1722 qao
806 1652 923 1722 eccepto
947 1645 971 1704 si
986 1648 1125 1706 Summus
1149 1644 1285 1705 Pontifex

205 1723 385 1799 compererit
395 1724 628 1801 promovendum
638 1725 674 1786 iis
686 1724 804 1785 dotibus
814 1726 1004 1801 instructum,
1016 1744 1082 1803 quaa
1096 1744 1112 1785 a
1126 1725 1287 1785 canonibus

206 1802 240 1861 in
255 1804 390 1882 episeopo
403 1806 612 1883 requiruntur,
628 1823 696 1867 eum
708 1807 882 1884 quantocius
898 1804 962 1866 fieri
977 1806 1086 1885 poterit
1101 1804 1186 1884 juxta
1200 1812 1288 1867 statu·

208 1890 255 1943 tas
265 1884 373 1945 formas
383 1904 436 1963 per
449 1887 620 1964 apostolicas
631 1888 744 1948 litteras
757 1886 955 1947 confirmabit.

251 1964 282 2025 Si
294 1982 363 2026 vero
376 1975 427 2027 aut
440 1968 542 2028 electio
560 1969 684 2029 minime
696 1969 786 2029 fucrit
800 1969 939 2028 canonice
954 1974 1085 2046 peracta,
1105 1972 1157 2027 aut
1173 1984 1288 2045 promo·

208 2044 323 2106 vendas
340 2048 488 2125 predictis
508 2048 627 2109 dotibus
640 2050 800 2110 instructus
825 2068 885 2109 nou
909 2050 1090 2128 reperiatur,
1111 2066 1146 2108 ex
1169 2048 1285 2126 speciali

208 2126 303 2205 gratia
316 2130 454 2190 Summus
471 2130 606 2191 Pontifex
627 2129 793 2207 indulgebit
807 2138 840 2188 ut
858 2130 1019 2207 capitulum
1031 2128 1068 2188 ad
1091 2146 1197 2189 novam
1211 2130 1286 2189 elee-

208 2208 338 2281 tionem,
355 2220 502 2289 utsupra,
519 2210 656 2271 canonica
668 2210 809 2271 methodo
823 2209 919 2269 valeat
929 2209 1100 2289 procedere.

200 2318 210 2338 κ
251 2288 467 2352 beatificationes
489 2291 641 2370 presentis
664 2289 866 2351 conventionis
885 2298 990 2351 mutuo
1009 2290 1163 2351 tradentur
1187 2290 1288 2353 Romae

209 2370 359 2454 sexaginta
371 2373 488 2433 dierum
502 2372 612 2451 spatio,
624 2379 676 2433 aut
689 2372 776 2433 citius
788 2371 814 2432 si
827 2371 892 2433 fieri
907 2372 1029 2451 poterit.

251 2454 360 2513 Datum
378 2457 496 2532 Roma,
509 2454 558 2515 die
570 2452 696 2533 ldjunii
710 2455 802 2517 teat.
1015 2456 1018 2463 “

335 2536 372 2593 1..
397 2538 430 2595 S.
595 2538 633 2596 D.
655 2538 776 2597 Mausos
797 2554 965 2597 canussius
986 2538 1174 2596 Currsuaaar.

335 2614 373 2671 L.
397 2616 430 2673 S.
595 2617 690 2673 Cottas
711 2634 748 2674 ne
769 2621 888 2677 Cautes.

336 2693 373 2751 L.
398 2694 431 2753 S.
596 2694 771 2753 Fuaucrscus
795 2696 958 2755 Caraccrnr.

336 2774 373 2835 L.
396 2775 429 2835 S.
599 2774 742 2835 errans.

254 2859 335 2917 llanc
351 2856 443 2937 igitur
465 2855 704 2930 conventionem,
725 2873 815 2933 quam
833 2875 900 2916 cnm
928 2857 1114 2916 serenissimo
1133 2859 1287 2938 Belgarum

209 2954 281 3016 rcgc
304 2938 459 3013 inivimus,
481 2953 606 3016 quaque
626 2936 831 3014 suprascriptis
858 2935 989 2996 articulis
1017 2936 1185 2998 continetur
1205 2947 1287 2997 motu

211 3027 312 3078 nostro
333 3019 467 3098 proprio,
490 3025 579 3096 atque
592 3034 628 3077 ex
648 3024 727 3078 certa
747 3016 883 3092 scientia,
898 3034 932 3076 ac
948 3022 1063 3077 matura
1076 3014 1288 3076 deliberatione

211 3106 327 3174 nostra,
353 3099 449 3179 deque
472 3099 637 3178 apostolicae
658 3098 810 3177 potestatis
833 3097 1036 3176 plenitudine,
1062 3096 1162 3156 audita
1184 3097 1287 3157 selecta

211 3180 425 3240 venerabilium
443 3181 567 3240 fratrum
581 3186 750 3239 nostrorum
771 3187 878 3240 sancta
892 3181 1031 3240 Romanae
1045 3176 1172 3237 ecclesias
1193 3177 1289 3238 cardi-

211 3259 323 3320 nalium
337 3263 576 3341 magregationc,
596 3262 785 3340 praesentium
802 3267 903 3320 tenore
918 3259 1016 3320 denuo
1030 3257 1240 3336 approbamus,
1256 3277 1288 3318 ac

211 3351 306 3402 ratam
328 3341 486 3418 babemus,
501 3341 603 3420 illique
619 3341 768 3420 apostolici
780 3341 953 3402 muniminis
965 3348 995 3401 et
1008 3339 1156 3400 firmitatis
1176 3339 1285 3416 robur,

214 3431 244 3482 et
254 3421 410 3484 efficaciam
429 3423 628 3503 adjungimus.

253 3505 394 3579 Quocirca
419 3503 493 3564 illud
517 3505 549 3562 iu
574 3503 677 3581 primis
702 3502 882 3565 declaramus
912 3510 1001 3582 atque
1024 3502 1225 3580 decernimus,
1256 3507 1289 3562 ut

214 3586 367 3645 conventio
377 3585 456 3646 inter
467 3592 596 3645 ancum
611 3583 710 3644 sedem
725 3593 756 3644 et
769 3585 947 3667 gubernium
961 3583 1137 3664 gallicanum
1149 3584 1221 3644 inita
1239 3584 1289 3644 die

215 3667 269 3727 XV
277 3665 343 3742 julii
357 3666 427 3725 anni
442 3669 535 3742 1801,
551 3673 580 3725 et
592 3683 609 3726 a
619 3664 833 3744 predecessore
847 3675 948 3726 nostro
959 3665 1011 3727 Pio
1021 3667 1078 3726 PP.
1096 3667 1162 3732 Vll.
1178 3663 1289 3725 confir-

214 3754 291 3806 mata
313 3763 457 3824 persnas
484 3745 654 3824 apostolicas
679 3745 792 3806 litteras
816 3749 926 3809 xvnl.
953 3745 1078 3808 Kalend.
1112 3745 1286 3824 septembris

214 3825 343 3906 ejusdem
362 3826 432 3887 anni
447 3825 544 3899 datas,
559 3826 597 3886 ad
609 3845 681 3905 quas
696 3825 830 3888 babenda
844 3828 883 3888 sit
897 3825 988 3904 ratio,
1005 3844 1130 3906 queque
1149 3828 1180 3887 in
1195 3827 1286 3886 meri-

217 3907 380 3969 dionalibus
391 3909 475 3987 regni
487 3907 593 3987 belgici
608 3906 766 3986 provinciis
779 3909 870 3990 viget,
883 3907 1161 3986 septentrionalibus
1171 3923 1289 3982 quoque

215 3989 371 4067 provinciis
383 3989 560 4067 applicetur,
577 3995 610 4046 ut
621 3988 652 4047 in
665 4005 726 4048 uno
746 3987 909 4066 eodemque
922 4005 1013 4068 regno
1035 3987 1180 4047 universae
1194 3985 1287 4044 eccle·

216 4071 335 4130 siastieaa
355 4087 403 4129 rcs
429 4088 487 4129 una
509 4068 670 4148 cademque
695 4069 810 4130 ratione
832 4077 975 4148 regantur
1000 4074 1030 4126 et
1058 4072 1287 4144 pertractentur.

256 4150 369 4212 Denda
382 4167 452 4210 aero
462 4149 601 4228 moniam
615 4149 652 4210 ad
663 4148 779 4227 plenam
796 4149 960 4209 novissimae
973 4146 1175 4206 conventionis
1188 4163 1289 4206 execu-

217 4233 326 4292 tionem
349 4231 546 4293 uecessarium
569 4238 634 4310 est,
656 4229 907 4308 quemadmodum
933 4243 1049 4287 neeesse
1073 4225 1131 4288 fuit
1157 4233 1289 4306 tempore
