3575 5625
533 1124 573 1170 .·
637 1105 864 1178 aprunum
890 1104 950 1178 vr.

255 1344 259 1358 ’
361 1391 681 1484 erumnam
718 1401 1202 1510 senonensem,

245 1594 358 1674 patos
380 1599 539 1662 Consentio
560 1617 628 1662 eum
649 1599 844 1662 serenissimo
864 1598 1029 1682 Belgarum
1049 1601 1125 1682 Repe
1151 1599 1229 1661 inito
1250 1619 1320 1661 aaa·

582 1705 728 1788 struantur
744 1675 777 1772 'et
796 1703 976 1788 explicatur.

716 1893 867 1906 m

634 2016 705 2077 LEO
732 2015 935 2074 EPISGOPUS

358 2188 463 2230 SERVUS
485 2187 634 2230 SERVORU!
657 2188 704 2230 but
727 2189 763 2230 tn
784 2187 951 2230 sannarum!
974 2187 1020 2228 RE!
1043 2188 1204 2230 fleutomati.

284 2349 369 2424 Quod
377 2349 491 2428 jamdiu
504 2350 638 2412 maximis
647 2358 711 2410 erat
720 2351 751 2410 in
759 2350 848 2426 rotis,
862 2351 1005 2410 nimirum
1014 2358 1048 2409 ut
1057 2349 1263 2410 Eoolesiasticse
1274 2367 1324 2409 res

242 2431 272 2489 in
287 2433 388 2510 Regno
402 2431 517 2510 Belgica
531 2440 696 2508 opportune
709 2440 972 2508 componerentur,
989 2431 1020 2491 id
1035 2430 1158 2506 juvante
1176 2435 1253 2507 Deo,
1271 2430 1323 2507 qui

241 2513 329 2570 Pater
343 2520 387 2572 est
404 2509 672 2572 misericordiarum
695 2520 725 2571 et
744 2516 822 2572 Deus
846 2513 936 2572 totius
951 2512 1172 2585 consolationis,
1199 2511 1323 2572 demum

240 2591 366 2652 feliciter
376 2592 511 2652 effectum
523 2592 717 2672 gratulamur.
733 2592 814 2654 Nihil
826 2593 906 2652 enim
914 2592 1076 2671 jucundius
1087 2593 1220 2653 accidere
1232 2590 1323 2654 Nobis

240 2681 367 2751 poterat,
384 2681 485 2750 utpote
495 2673 546 2751 qui
560 2673 592 2734 iu
606 2690 722 2732 summo
734 2672 1012 2751 Apostolatusapioe
1023 2673 1138 2732 meritis
1151 2672 1221 2746 licet
1233 2673 1325 2750 impa-

240 2754 324 2815 ribus
344 2754 509 2831 constituti,
535 2771 588 2832 pro
609 2753 658 2814 illa
679 2772 736 2831 qua
759 2753 821 2813 dies
842 2761 1000 2832 noctesque
1022 2770 1165 2834 urgemur
1188 2754 1322 2815 omnium

241 2836 435 2897 Eodesiarum
450 2835 647 2895 sollicitudine
672 2834 844 2895 dolebamus
864 2834 1057 2895 vehementer
1081 2836 1119 2895 de
1140 2835 1322 2915 gravissimis

241 2916 337 2992 malis,
355 2935 421 2994 qua
442 2934 478 2975 ex
492 2913 662 2995 ingentibus
677 2916 895 2993 preteritorum
915 2924 1082 2993 temporum
1106 2916 1322 2976 calamitatibus

240 2998 447 3059 redundarunt
460 2997 491 3057 in
503 2996 634 3074 ejusdem
649 2996 766 3075 inclytae
780 2997 913 3059 Nationis
927 2994 1107 3070 Catholicae,
1125 3014 1198 3073 quos
1208 3004 1323 3056 cetero-

240 3080 313 3157 quin
330 3087 360 3139 et
378 3078 447 3139 fidei
466 3080 626 3139 constantia
649 3086 680 3137 et
699 3079 731 3137 in
753 3077 829 3137 bano
852 3078 1045 3155 apostolicam
1071 3076 1177 3137 Sedem
1205 3076 1322 3138 devotio

240 3177 427 3239 summopere
438 3158 656 3221 commendant.
664 3162 756 3219 Porro
766 3158 994 3219 saluberrimum
1005 3176 1078 3237 opus
1089 3158 1168 3218 istud
1180 3158 1261 3235 quod
1269 3158 1321 3218 iel.

240 3241 357 3303 record.
376 3242 571 3303 Proedeeessor
581 3244 687 3303 Noster
701 3242 770 3301 Pius
784 3244 838 3303 vll
852 3258 1005 3321 aggressus
1019 3247 1080 3315 est,
1098 3248 1128 3299 et
1141 3242 1200 3301 Nos
1215 3237 1324 3299 deinde

239 3324 372 3403 vestigiis
383 3321 445 3400 ejus
453 3322 630 3383 inhaerentes
637 3322 756 3383 taudem
767 3321 956 3395 absolvimus,
962 3329 1089 3398 ooeptum
1102 3320 1323 3398 perlectumque

239 3412 286 3465 est
300 3402 456 3467 ascedente
470 3419 537 3481 ope,
551 3422 586 3463 ae
600 3402 800 3463 munificentia
812 3402 998 3463 Serenissimi
1014 3401 1158 3479 Principis
1173 3399 1322 3463 Guilieimi

238 3485 396 3566 Belgarum
408 3486 508 3564 Regis,
524 3483 607 3561 cujus
624 3484 749 3561 proinde
762 3501 938 3561 propensam
952 3500 1023 3562 erga
1036 3481 1199 3542 Catholicos
1215 3500 1323 3562 magno

239 3582 367 3627 numero
387 3565 449 3629 Sibi
465 3564 598 3627 subditos
612 3564 893 3644 voluntatemgmta
913 3582 1030 3642 semper
1054 3564 1195 3623 memoria
1220 3582 1322 3641 prose—

238 3666 380 3725 quemur.
397 3650 474 3727 Ergo
487 3646 525 3707 ad
541 3646 758 3724 Omnipotentis
773 3646 827 3707 Dei
846 3645 985 3727 gloriam,
1008 3652 1097 3722 atque
1118 3643 1157 3704 ad
1177 3644 1322 3705 bonorem

239 3730 376 3807 Deiparae
396 3728 528 3808 Virginis
549 3726 665 3801 Mariae,
690 3745 779 3804 quam
807 3735 840 3786 ut
866 3731 1024 3789 Patronem
1054 3727 1151 3805 Belgae
1172 3725 1322 3803 praecipuo

238 3810 389 3871 honorant
405 3810 499 3886 cuitu,
514 3808 567 3869 sed
582 3816 613 3869 et
636 3808 674 3869 ad
692 3810 822 3886 ipsorum
851 3808 1006 3888 Belgarum
1024 3807 1177 3885 spirituale
1191 3806 1320 3877 bonum,

239 3910 296 3953 nos
316 3892 460 3969 istamque
491 3888 590 3951 sedem
612 3890 797 3968 apostolicam
823 3890 903 3951 inter
928 3897 959 3949 et
982 3888 1134 3949 laudatum
1166 3886 1321 3947 serenissi-

239 3990 325 4033 mum
346 3976 454 4051 Regem
470 3971 734 4033 Guilielmumrite
753 3971 914 4034 conventio
938 3968 1038 4029 habita
1052 3977 1113 4042 est,
1135 3983 1224 4042 quam
1243 3983 1322 4043 prae·

239 4054 369 4115 sentium
385 4053 552 4113 litterarum
570 4053 671 4133 vigore
692 4052 856 4130 apostolica
880 4051 1063 4112 sonoritate
1087 4045 1225 4107 duximus
1249 4064 1321 4105 con-

239 4134 430 4194 firmandam.
448 4134 573 4211 liujusoe
591 4142 688 4193 autem
705 4132 912 4194 conventionis
934 4139 1019 4191 tenor
1037 4136 1081 4189 est
1100 4127 1151 4205 qui
1172 4127 1319 4205 sequitur,

238 4214 396 4277 videlicet:
1026 4232 1029 4237 ·
